4530 5736
651 485 734 569 500

714 658 903 745 auctoris
933 659 1223 778 descriptione
1252 663 1298 749 in
1332 663 1524 754 Amoen.
1545 663 1646 752 aad.
1670 680 1717 768 4.
1727 697 1780 783 p.
1803 667 1918 784 327,
1949 670 1992 755 in

711 835 798 923 qua
824 799 1041 920 legumina
1071 807 1458 920 angulare-nodosa
1479 809 1697 916 dicuntur,
1718 812 1861 926 potius
1880 813 1991 900 hanc

703 985 833 1070 quam
859 970 1116 1067 sequentem
1139 951 1332 1037 indicare
1352 937 1540 1040 ridetur.
1568 953 1752 1044 Florum
1778 981 1991 1068 numerus

704 1097 749 1182 in
778 1095 971 1208 utrisque
1000 1095 1045 1178 in
1072 1091 1274 1179 umbellis
1302 1093 1455 1182 variat.

1515 1317 1521 1332 .
1649 1293 1741 1337 si..
1826 1291 1830 1298 '

589 1385 848 1470 Couomnm
878 1406 1167 1485 eororam,
1199 1409 1241 1465 a.
1272 1379 1428 1466 minor.
1459 1378 1623 1470 Iterat.
1656 1435 1661 1445 ,
1744 1430 1750 1480 .-

813 1665 863 1752 C.
894 1661 1169 1751 suffruticosa
1197 1662 1493 1771 adscendent,
1524 1663 1693 1780 stipulis
1719 1670 1865 1780 parvis
1885 1697 1987 1753 con-

708 1807 837 1896 cretis
866 1787 1167 1923 oppositifoliis
1196 1804 1456 1915 bidentatis‚
1492 1806 1649 1894 foliolis
1679 1808 1759 1920 5-9
1786 1810 1983 1897 eboratis

698 1950 860 2065 glaucis
890 1949 1048 2037 infimis
1077 1950 1200 2036 caule
1227 1951 1567 2065 approximatis,
1608 1953 1807 2054 lomentis
1837 1957 1981 2050 ruhte*

696 2094 881 2180 retibus.
905 2091 1070 2180 Reiclr.
1090 2089 1160 2207 pt.
1181 2121 1239 2178 cr
1261 2105 1369 2180 cent.
1393 2120 1488 2207 imp
1512 2092 1590 2201 31,
1620 2122 1675 2179 an
1705 2095 1881 2180 excluso
1912 2125 1983 2208 sy·

699 2263 894 2348 nonymo
923 2231 1092 2320 Linn?

813 2379 873 2463 lc.
901 2374 1067 2466 Reict.
1095 2369 1523 2492 1....οι39β661

810 2521 859 2606 In
919 2515 1101 2606 collibus
1142 2515 1350 2631 argillosis
1392 2518 1684 2612 submontoeis
1722 2517 1884 2608 Samnii
1935 2539 1978 2607 et

665 2661 891 2778 Aprutil.
1298 2709 1304 2754 ς

731 2807 974 2913 lunio,
1005 2806 1134 2922 Iulio.
1164 2806 1201 2908 ir

674 2999 676 3008 ·
814 2951 1017 3040 Caralis
1005 2983 1049 3037 1n
1072 2952 1153 3038 hac
1183 2951 1391 3040 varietate
1421 2897 1684 3052 subdiffitsus
1711 2955 1781 3042 vet
1800 2955 1978 3042 adscen-

689 3097 824 3204 dens,
856 3125 1081 3212 nunquam
1112 3114 1314 3204 erectus,
1343 3095 1547 3210 palmaris
1576 3097 1645 3184 vel
1675 3097 1729 3184 ad
1760 3127 1976 3186 summum

693 3240 874 3356 pedalia.
904 3238 1165 3352 Legumina
1193 3239 1347 3323 teretia
1377 3239 1446 3324 vel
1466 3239 1656 3326 obsoleta
1687 3240 1912 3353 angulata,
1934 3260 1975 3326 et

589 3449 595 3460 .
694 3382 797 3468 inde
825 3408 850 3465 a
878 3378 1172 3494 praecedente·
1194 3377 1523 3477 diversissima„
1621 3469 1625 3478 ,

579 3671 877 3766 Hirrocnnrrs
907 3698 1139 3759 nrnrArA.
1174 3669 1340 3762 Wilt,
1374 3751 1378 3759 ,
1481 3755 1484 3762 ,

798 3965 854 4053 Η.
895 3958 1152 4077 pedunculis
1193 3956 1410 4074 n·4-florie
1447 3957 1551 4048 folio
1581 3957 1970 4067 subhumatus,

692 4102 897 4192 lomentis
940 4103 1078 4219 planis
1107 4100 1297 4186 arcuatis
1325 4101 1522 4212 margine
1549 4101 1753 4208 interiore
1790 4099 1970 4187 sinuatis

686 4249 743 4336 ad
765 4250 929 4336 semina
957 4239 1332 4357 villoso-hispidis.
1350 4247 1465 4334 Dec'.
1477 4274 1552 4360 pr.
1574 4255 1726 4366 renat.
1741 4271 1788 4339 a.
1801 4245 1967 4364 p.313.

686 4395 788 4508 Spr.
819 4422 853 4476 a.
884 4417 977 4505 vag.
1001 4388 1043 4474 3.
1053 4420 1106 4505 p.
1128 4387 1230 4476 323.
1259 4383 1432 4496 Temfl.
1453 4413 1557 4502 nup.
1581 4415 1622 4471 a.
1633 4416 1685 4502 p.
1700 4386 1806 4472 1163.

797 4535 855 4622 Ie.
889 4533 1079 4622 Ferrum
1108 4531 1318 4646 equinum
1347 4528 1531 4656 alterum
1561 4531 1857 4642 polyceraton.
1886 4528 1965 4615 Co-

683 4682 822 4772 tumn.
854 4676 1002 4796 eaphr.
1037 4691 1121 4761 ast.
1144 4677 1267 4762 300!
