4526 5734
606 465 688 534 912

548 719 774 806 Circaeis
804 743 1104 802 fluasAan.
1141 714 1278 807 Will.
1357 735 1360 742 ’

772 954 819 1042 C.
833 948 1027 1035 caulibus
1046 945 1394 1059 liguesceutibus,
1418 941 1584 1058 stipulis
1598 943 1779 1058 spinosis
1798 947 1944 1047 rectis,

664 1092 777 1179 foliis
807 1090 1009 1204 elliptiois
1037 1090 1261 1204 oretisque
1290 1087 1488 1173 deciduis
1517 1087 1640 1202 apice
1678 1088 1849 1201 spinula
1878 1088 1946 1170 in-

663 1259 795 1317 curva
825 1228 1004 1316 munitis
1033 1226 1272 1342 junioribus
1300 1229 1657 1343 pubescentibus,
1686 1227 1946 1342 pedunculis

534 1461 538 1472 ,
664 1366 1088 1462 solitariisuniiloris
1117 1369 1220 1456 folio
1248 1369 1540 1478 longioribus,
1579 1367 1721 1456 baccis
1724 1433 1900 1455 .....
1906 1435 1943 1494 θ.

671 1511 805 1604 Will.
836 1542 902 1598 en.
933 1513 999 1597 H.
1030 1514 1137 1599 Ber.
1158 1541 1191 1596 ι.
1213 1543 1262 1626 p.
1289 1512 1387 1598 560.
1418 1510 1533 1596 Dec.
1555 1539 1629 1624 pr.
1661 1543 1694 1594 s.
1718 1525 1810 1597 nat.
1845 1541 1878 1595 ι.
1891 1543 1943 1628 p.

666 1657 775 1754 245.
807 1656 906 1766 Spr.
937 1684 971 1736 s.
1005 1684 1095 1766 vag.
1128 1684 1167 1737 s.
1188 1681 1240 1766 p.
1273 1654 1371 1765 572.

777 1797 825 1884 C.
857 1813 997 1880 ovata.
1029 1793 1307 1906 Marscltfi
1330 1807 1444 1876 later.
1479 1819 1604 1880 cauo.
1628 1795 1668 1881 3.
1699 1826 1749 1910 p.
1787 1824 1827 1899 r,
1866 1823 1944 1879 ex-

668 1937 797 2023 clusis
827 1937 1097 2048 synonymis.
1889 1961 1890 1966 ‘

778 2057 835 2166 lc.
867 2079 1030 2164 Raiclz.
1060 2075 1127 2191 pt.
1153 2107 1210 2164 cr·
1238 2091 1354 2162 cant.
1378 2077 1419 2160 3.
1451 2095 1478 2162 t.
1515 2077 1613 2161 981.
1626 2075 1674 2190 f.
1710 2095 1834 2180 444.

778 2221 828 2305 ln
871 2218 1079 2328 argillosis
1127 2218 1308 2346 collibus
1352 2219 1553 2332 Aprutii3
1583 2221 1695 2306 Acri
1709 2283 1722 2323 ,
1770 2220 1917 2308 Caieta·
1932 2286 1945 2326 ,

589 2455 592 2462 ,
667 2362 934 2450 Froncavill
964 2426 973 2444 .

777 2504 929 2609 Juuio,
952 2506 1158 2615 Augusto.
1187 2511 1226 2614 24
1255 2521 1298 2590 et
1325 2504 1419 2589 basi
1445 2503 1483 2601 h

777 2647 950 2759 Species
1000 2646 1143 2760 quoad
1191 2645 1392 2730 habitum
1407 2713 1420 2753 ,
1475 2645 1653 2752 caules,
1694 2645 1848 2760 solia,
1905 2631 1973 2730 et'

654 2789 794 2900 flores
833 2786 893 2870 ita
922 2787 1196 2899 praecedenti
1227 2787 1380 2872 similis
1398 2806 1602 2873 uterum
1632 2817 1741 2891 ovo,
1774 2807 1816 2872 et
1846 2821 1950 2874 non-

669 2929 751 3013 nisi
782 2911 962 3043 stipulis
992 2930 1120 3013 rectis
1161 2956 1247 3013 non
1284 2956 1388 3014 vero
1420 2929 1634 3015 uncinatis
1664 2929 1849 3016 diversa.
1881 2939 1949 3019 An

670 3090 713 3156 et
740 3071 890 3158 baccis
919 3069 1117 3156 differant
1147 3069 1292 3154 dicere
1320 3099 1509 3184 nequeo,
1545 3071 1648 3186 quia
1692 3071 1784 3159 illas
1819 3074 1950 3182 hujus

670 3212 829 3327 speciei
859 3243 944 3296 non
973 3211 1092 3317 vidi;
1115 3214 1285 3325 quaesi
1315 3211 1475 3297 similes
1504 3233 1630 3318 sunt,
1654 3213 1794 3328 potius
1816 3217 1952 3298 varie-

672 3374 781 3440 tates
811 3383 941 3468 quam
972 3353 1134 3466 species
1175 3351 1371 3439 diversae
1400 3355 1624 3441 habendae
1655 3374 1805 3463 erunt,
1850 3373 1967 3440 cum·

670 3496 800 3582 etiam
829 3496 894 3580 Cl.
911 3495 1119 3584 Marses.
1142 3493 1219 3581 ic.
1231 3525 1282 3609 p.
1305 3494 1384 3583 361
1409 3512 1581 3581 moneat
1610 3496 1762 3581 desua
1787 3499 1835 3582 C.
1852 3527 1953 3582 ooa-

674 3652 746 3744 ta,
779 3667 803 3720 n
835 3639 997 3724 cultam
1027 3639 1073 3721 in
1092 3637 1306 3750 tepidario
1335 3665 1461 3750 saepe
1490 3635 1890 3756 fruticosamfieri,
1911 3658 1954 3720 et

672 3813 697 3868 u
732 3781 781 3866 0.
795 3778 1011 3894 ‚spinosae
1031 3777 1257 3863 assimilari
1278 3778 1453 3862 nunciat
1465 3775 1660 3864 Fischer
1677 3780 1722 3861 in
1737 3777 1904 3865 litteris.
1927 3810 1952 3862 a

564 4049 938 4136 Hastauruauuu
968 4073 1284 4132 susurrantis.
1319 4035 1449 4132 Pers.

788 4287 841 4372 H.
873 4283 1069 4369 caulibus
1096 4286 1191 4372 basi
1220 4286 1555 4401 personantibus
1573 4289 1852 4402 ¹caespitosis,
1883 4293 1959 4377 ilo-

655 4423 818 4521 ,riferis
848 4426 1062 4512 annotinis
1103 4427 1467 4515 adscendentibus
1496 4430 1797 4545 simplicibus,
1842 4437 1957 4523 foliis

678 4565 942 4651 radicalibus
972 4567 1017 4649 in
1045 4569 1252 4682 petiolum
1284 4570 1581 4660 desinentibus
1609 4577 1957 4690 ovato-oblongis
