4530 5736
1573 459 1652 548 285

411 633 576 746 latetur
606 632 787 723 unicum
828 609 990 718 vidisse
1033 632 1259 745 exemplar
1301 629 1346 716 in
1390 627 1590 718 herbario
1619 634 1688 718 D.

410 775 601 866 [enardi
622 775 739 893 opud
758 775 970 882 Iussieu,
992 772 1199 890 idemque
1218 771 1334 860 vidit
1351 776 1561 863 Dorceu
1582 775 1687 861 dict.

409 947 500 1004 eno.
521 918 551 1004 I.
568 948 637 1023 c.,
660 947 741 1002 noc
761 932 861 1032 post
880 915 1023 1031 ipsos,
1053 930 1266 1028 quantum
1297 912 1410 1024 scio,
1432 917 1488 1001 ab
1508 915 1622 1021 alic,
1649 932 1692 1000 et

359 1129 366 1140 .
399 1063 456 1150 ab
477 1061 572 1174 ipso
593 1059 849 1176 Sihtltorpio
878 1061 1106 1144 observata
1126 1055 1220 1146 fuit.
1246 1058 1428 1145 Interim
1451 1088 1552 1146 cum
1582 1058 1691 1144 hacc

407 1207 593 1322 specics,
622 1203 730 1292 dum
760 1201 904 1291 adhuc
926 1221 989 1288 est
1017 1201 1189 1316 junior,
1207 1202 1381 1288 ‘habeat
1410 1201 1514 1288 folia
1543 1204 1690 1289 subro⁴

405 1347 743 1455 tundo-Iobates,
773 1375 884 1459 quae
928 1343 1031 1430 inde
1060 1344 1434 1460 palmato-pertita
1465 1343 1689 1452 evadunt,

252 1567 256 1576 .
397 1491 527 1580 nihil.
544 1491 706 1576 mirum
735 1487 772 1574 si
799 1487 900 1594 icon
930 1505 972 1574 ct
1001 1486 1236 1602 descriptio
1265 1487 1322 1574 ad
1342 1485 1525 1574 unicum
1546 1517 1693 1574 exem-

399 1636 495 1751 plor
549 1634 634 1744 vix·
667 1629 937 1746 explicatum
975 1630 1158 1738 factae,
1198 1631 1302 1718 solia
1340 1629 1694 1722 subrotundo-lo-

399 1781 501 1884 hate
530 1777 861 1884 demonstrent,
892 1793 944 1859 ,ct
979 1773 1084 1860 inde
1112 1774 1329 1864 Botanicis
1359 1774 1568 1864 suaserint
1611 1774 1690 1862 hes

399 1921 508 2010 duas
534 1918 699 2036 species
727 1937 777 2004 ut
806 1917 999 2012 diverses
1028 1945 1281 2030 recensere3
1311 1947 1438 2027 nam,
1477 1940 1690 2036 quantum

244 2151 248 2158 ,
398 2094 453 2150 ex
484 2063 616 2184 icone⁸
636 2077 679 2146 et
702 2059 996 2173 descriptione
1025 2058 1181 2173 conjici
1209 2077 1371 2174 potest,
1402 2065 1479 2149 M.
1500 2063 1690 2150 attteoi-

398 2207 478 2294 des
516 2205 604 2292 sola
633 2201 766 2291 caulis
795 2200 1066 2315 directione,
1099 2219 1141 2287 et
1181 2203 1438 2319 corollarum
1477 2205 1689 2320 magnitu-

397 2348 498 2436 dine
542 2349 673 2434 aM.
696 2345 859 2432 cretico
887 2346 977 2457 jam
1004 2346 1115 2431 bone
1145 2343 1359 2458 explicata
1402 2346 1578 2460 differre
1619 2349 1687 2432 vi-

397 2489 536 2578 detur.

285 2805 452 2896 Mtnvn
477 2834 888 2898 nornrrnrronu.
920 2807 1031 2896 Lin.

508 3095 569 3181 M.
593 3094 714 3181 caule
741 3071 1158 3209 diffuso-prostrato,
1189 3094 1303 3183 foliis
1332 3098 1684 3188 orbiculato-cor-

254 3273 257 3278 ·
400 3238 513 3324 datis
540 3238 732 3325 obsoleto
761 3238 918 3326 Iobatis
945 3237 1241 3351 glabriusculis
1271 3241 1679 3356 creuisse-dentatis,

396 3378 653 3491 pedunculis
673 3379 867 3468 subbinis
889 3380 1068 3468 demum
1096 3379 1322 3486 declinatis
1334 3443 1347 3488 ‚
1368 3383 1542 3470 corollis
1561 3395 1682 3499 (par-
1721 3373 1726 3390 ⁸

395 3517 463 3604 vis
483 3525 497 3629 )
519 3521 668 3632 calyce
698 3520 831 3634 duplo
860 3522 1150 3634 longioribus,
1193 3520 1380 3634 capsulis
1408 3523 1576 3612 levibus
1604 3557 1682 3640 pu-

393 3662 681 3756 bescentibus.
701 3668 822 3756 ‚Ltc
856 3697 921 3782 sp.
945 3667 1015 3781 pl.
1045 3665 1147 3784 969.
1184 3668 1291 3753 Coc.
1326 3665 1434 3753 diss.
1466 3699 1507 3756 2.
1528 3701 1578 3786 p.
1605 3702 1676 3788 79.
1732 3735 1735 3742 ·
1818 3779 1821 3791 Ι

382 3801 516 3909 stro.
541 3835 636 3916 eyn.
654 3837 700 3895 2.
711 3837 763 3923 p.
786 3812 886 3894 251.
907 3810 1043 3896 Desr.
1066 3807 1170 3894 dict.
1193 3808 1350 3893 enctd.
1371 3839 1423 3924 p.
1441 3815 1545 3925 752.
1562 3817 1677 3900 Dec.

386 3977 462 4065 pr.
476 3977 518 4032 u.
538 3961 628 4035 not
644 3978 689 4036 st.
702 3978 753 4067 p.
767 3951 879 4052 432.
902 3955 1001 4066 fior.
1025 3981 1060 4036 c.
1081 3979 1174 4064 vegs
1196 3951 1236 4037 3.
1257 3981 1308 4065 p.
1325 3980 1398 4073 9⁰·
1429 3954 1594 4042 Reiclz.
1606 3956 1675 4072 pl.

392 4089 492 4176 crit.
521 4103 634 4178 *cent
660 4119 695 4178 r.
719 4122 767 4206 p.
791 4121 859 4180 nc.
888 4095 996 4180 Ten.
1013 4091 1070 4205 fl
1099 4119 1205 4205 nap.
1236 4119 1277 4178 2.
1302 4121 1351 4206 p.
1378 4120 1467 4208 toy.

397 4285 402 4293 ·
506 4234 564 4320 Ic.
592 4236 702 4330 Coo.
724 4235 753 4322 l.
774 4268 812 4323 c.
833 4250 861 4322 t.
884 4238 955 4325 26.
969 4236 1018 4352 f.
1039 4235 1081 4321 3.
1103 4234 1318 4326 Reiclz.l.
1341 4264 1376 4322 c.
1401 4253 1429 4323 t.
1450 4241 1574 4357 sos.
1591 4243 1677 4359 37!
1739 4297 1741 4303 ·

494 4376 557 4464 -l·n
582 4381 825 4489 cuderetis,
855 4409 905 4466 ac
941 4379 997 4464 ud
1024 4383 1159 4495 Pagos
1201 4383 1246 4466 in
1276 4384 1481 4471 montosis
1509 4388 1675 4477 Samnii

390 4535 437 4600 et
465 4520 669 4632 Aprutiif,
696 4540 842 4612 tamen
872 4523 989 4637 apud
1014 4551 1346 4638 nosnunquam
1378 4524 1423 4610 in
1452 4524 1670 4641 demissis,

393 4656 464 4762 rel
493 4660 720 4748 maritimis
738 4665 962 4778 provenit.
