4540 5736
1608 445 1661 548 45

523 624 574 707 ln
597 618 777 705 collibus
795 616 929 700 aridis
950 614 1170 704 sterilibus
1192 611 1343 728 (iapud
1365 641 1442 702 nos
1465 642 1689 727 nunquam

408 761 453 846 in
474 761 635 867 tectis)
668 754 893 846 Calabriae
926 755 1171 860 orientalis,
1203 757 1450 860 Lucaniae,
1479 755 1685 868 lapygiae

396 901 557 988 'ambae
590 899 822 1009 varietates
842 913 1091 980 occurrunt.

517 1043 681 1158 Aprili,
704 1045 838 1153 Majo.
871 1046 920 1145 Θ

290 1314 480 1412 Briossus
500 1338 771 1398 mosmos.
804 1308 938 1421 Dess.

352 1662 373 1687 ι’
511 1620 556 1704 Β.
596 1619 797 1730 panicula
829 1617 1014 1732 simplici
1050 1623 1365 1732 erecto-patula
1406 1619 1677 1707 subsecundo

399 1767 520 1878 apice
534 1761 829 1876 propendente
843 1763 1098 1865 laxiuscula,
1111 1765 1244 1850 ramis
1264 1764 1541 1850 inferioribus
1563 1763 1679 1848 elon·

397 1905 504 2014 gatis
518 1900 797 2015 simplicibus,
818 1900 991 2014 spiculis
1005 1902 1157 1988 crassis
1170 1903 1464 1988 erectiusculis
1485 1902 1586 1987 dein
1599 1899 1677 1988 flo-

356 2106 359 2114 ι
398 2046 618 2142 seclorum
652 2044 894 2128 remotione
922 2047 1177 2157 compressis
1208 2048 1480 2132 scaberrimis
1512 2046 1674 2158 longis-

397 2192 502 2273 sime
523 2187 730 2290 aristatis,
753 2188 896 2272 aristis
916 2187 1049 2272 rectis
1070 2187 1212 2301 gluma
1234 2189 1366 2302 triplo
1388 2188 1670 2299 longioribus,

397 2328 510 2414 foliis
531 2327 706 2413 villosis.
719 2326 866 2441 Deos?
877 2329 954 2414 atl.
975 2356 1009 2413 r.
1020 2360 1069 2443 p.
1079 2329 1156 2444 95.
1172 2328 1297 2415 Poir.
1320 2328 1423 2414 dior.
1444 2357 1673 2442 encsnpp.

324 2511 331 2520 ·
400 2496 432 2552 r.
446 2497 500 2581 p.
511 2469 613 2580 705.
637 2469 699 2552 R.
716 2471 761 2554 S.
776 2499 810 2552 s.
830 2497 921 2582 cog.
942 2497 975 2552 r.
982 2499 1032 2582 p.
1051 2469 1151 2554 652.
1169 2469 1276 2552 Ten.
1285 2466 1343 2575 fl.
1359 2495 1462 2579 nep.
1480 2466 1521 2550 3.
1533 2495 1585 2579 p.
1597 2467 1676 2554 88.

507 2609 555 2692 B.
577 2606 864 2692 madritensis.
896 2608 1030 2696 Valet.
1052 2607 1187 2720 symb.
1211 2636 1251 2690 2.
1262 2637 1314 2720 p.
1339 2604 1439 2710 23„
1461 2636 1547 2692 non
1560 2605 1671 2694 Lm.

339 2794 343 2806 ·
475 2746 830 2861 ·.le.Dess.l.·10.
853 2749 969 2835 a26.
1046 2829 1050 2841 ,

360 2903 383 2944 -’
504 2886 575 2976 dd
590 2917 724 3004 sepes,
748 2906 792 2972 eo
813 2892 857 2974 in
878 2889 1059 2976 collibus
1079 2887 1307 2976 maritimis
1321 2885 1517 2974 herbidis
1538 2887 1667 2993 Ionii,

324 3069 328 3081 ·
394 3061 443 3116 ac
477 3033 698 3119 Adriatici.
836 3013 841 3103 J

506 3177 674 3290 Aprili,
706 3181 840 3288 Majo.
872 3185 922 3284 Θ
1055 3229 1059 3234 -

506 3321 641 3404 Recte
662 3333 838 3398 monent
856 3320 918 3402 R.
942 3321 988 3404 S.
1013 3332 1055 3402 et
1076 3318 1194 3404 Poir
1221 3319 1251 3404 l.
1276 3348 1313 3405 c.
1337 3317 1449 3404 hanc
1483 3321 1670 3432 speciem

322 3577 324 3580 Ι
394 3487 495 3542 oum
516 3461 576 3545 B.
589 3435 856 3544 mauricensi·
877 3487 962 3544 non
983 3491 1074 3544 esse
1093 3458 1447 3554 confundendam
1459 3479 1545 3566 ,ut
1564 3461 1669 3546 fecit

376 3603 514 3688 ·Pere.
533 3601 576 3686 in
599 3626 737 3714 syras.
751 3627 799 3712 p.
807 3599 886 3715 96,
902 3620 946 3686 et
966 3605 1216 3714 nuperrime
1239 3603 1337 3717 Spr.
1361 3603 1406 3687 in
1421 3627 1600 3716 evagr.
1611 3630 1663 3716 p.

392 3743 590 3846 3585est
608 3741 771 3825 etenim
793 3743 928 3852 magis
949 3745 1009 3829 B.
1021 3744 1163 3831 sterili
1178 3773 1314 3856 ‚quam
1327 3741 1661 3828 B.madritensi
1845 3857 1847 3860 Ι

317 3938 347 3954 .·
390 3884 540 3968 affinis.
554 3879 824 3968 DiffertaB.
837 3881 978 3966 sterili
989 3883 1143 3968 culmis
1162 3882 1449 3998 tripedalibus
1470 3898 1513 3965 et
1533 3880 1662 3984 ultra,
1728 3875 1729 3880 ‘
1920 3899 1930 3912 “

389 4021 566 4108 floribus
586 4020 777 4108 diandris
791 4086 804 4126 ,
834 4021 1034 4136 panicula
1056 4027 1217 4133 majore
1250 4025 1371 4137 apice
1398 4019 1662 4136 spicularum

388 4163 580 4276 pondere
594 4163 907 4277 propendente,
924 4163 1100 4278 spiculis
1114 4163 1396 4250 crassioribus
1417 4161 1660 4274 longissime

386 4303 601 4412 'aristatis3
623 4335 649 4389 a
678 4307 737 4391 B.
762 4306 1027 4392 mauricensi
1046 4304 1244 4420 panicula
1262 4304 1411 4420 patula
1440 4331 1528 4390 non
1557 4329 1661 4388 con-

318 4519 322 4526 .
368 4515 370 4522 .
389 4461 527 4532 tracta
542 4491 561 4550 ,ν
580 4446 757 4560 spiculis
777 4445 1055 4542 inferioribus
1074 4447 1327 4558 longissime
1341 4442 1656 4562 pedunculatis.
