4530 5736
609 511 699 624 aps

569 679 573 686 ’
660 705 759 766 cum
787 676 948 794 petiolo
984 663 1193 766 connatae
1207 743 1222 785 ,
1251 701 1485 784 nervosae,
1511 679 1727 789 integrae,
1758 677 1941 767 ciliatae.

659 813 830 910 Petioli
850 820 1119 928 brevissimi,
1143 821 1223 906 vix
1242 820 1316 906 lin.
1346 817 1463 932 longi
1491 823 1547 905 ab
1576 821 1699 936 apice
1728 823 1913 937 stipulae
1928 843 1953 932 ,'

629 941 635 957 ⁹
667 964 964 1072 semiteretes,
997 991 1129 1079 supra
1163 962 1329 1051 sulcati.
1356 963 1620 1051 Pednncnli
1646 961 1829 1051 floriferi
1849 996 1943 1053 ere-

663 1104 745 1210 cti,
780 1102 995 1187 fructiferi
1026 1104 1246 1218 elongati,
1279 1123 1322 1190 et
1362 1102 1492 1218 opica
1511 1103 1564 1189 ad
1599 1103 1945 1193 articulationem

660 1245 870 1352 refracti,
902 1243 1059 1331 mutici
1091 1246 1161 1331 vel
1200 1274 1300 1332 raro
1326 1245 1505 1334 arietati.
1551 1245 1732 1360 carycis
1764 1247 1943 1336 laciniae

663 1387 924 1475 lanceolatae
937 1454 951 1496 ,
989 1406 1166 1500 acutae,
1200 1390 1446 1498 trinerves,
1496 1390 1678 1476 corollae
1716 1394 1941 1508 aequales,

661 1529 741 1615 sub
784 1528 953 1614 anthesi
987 1547 1210 1644 patentes,
1232 1531 1411 1615 demum
1453 1530 1743 1617 conniventes.
1784 1533 1943 1618 Flores

656 1672 792 1778 lutei,
818 1673 950 1756 erecti
964 1733 978 1776 ,
1004 1673 1143 1787 parvi.
1174 1671 1371 1764 corollae
1391 1671 1605 1758 vexillum
1635 1672 1848 1788 planum,
1875 1705 1942 1760 ca-

659 1815 806 1926 lycem
833 1815 912 1896 vix
943 1813 1192 1919 excedens,
1221 1811 1571 1924 emarginatum,
1601 1837 1778 1904 externe
1817 1819 1942 1908 lineis

651 1954 917 2039 rubentibus
945 1953 1147 2066 pictum,
1188 1953 1357 2039 interne
1386 1957 1622 2066 concolor,
1653 1963 1940 2049 exsiccatione
2037 2033 2041 2040 .

658 2095 914 2201 rubescens3
936 2093 1038 2180 alce
1071 2111 1114 2178 et
1132 2093 1292 2182 carina
1313 2095 1478 2209 pariter
1502 2099 1760 2186 concolores.
1790 2105 1941 2218 Legn-

659 2267 763 2324 men
788 2234 1054 2350 pendulum,
1084 2239 1349 2350 pubescens,
1376 2238 1774 2353 subcompreesum,
1805 2248 1941 2359 cylin-

659 2378 827 2467 dricum
841 2441 855 2484 ,
880 2376 1077 2490 calycem
1105 2379 1186 2463 vix
1213 2379 1441 2466 excedens.

773 2517 928 2608 Affinis
961 2521 1013 2627 Ο,
1031 2517 1293 2635 pubescenti
1301 2555 1322 2628 ,-
1349 2540 1392 2606 at
1414 2517 1561 2607 differt
1587 2522 1841 2636 pedunculis
1861 2530 1938 2612 mi-

535 2696 540 2704 ·
657 2666 774 2752 nime
794 2661 1089 2778 brevissimis,
1113 2659 1188 2746 sed
1206 2661 1438 2773 elongatis,
1461 2681 1504 2748 et
1523 2667 1732 2777 petiolum
1754 2668 1935 2754 multum

659 2803 1000 2913 excedentibus3
1031 2801 1238 2914 calycinis
1266 2801 1424 2887 foliolis
1455 2807 1618 2910 acutia,
1659 2837 1743 2893 non
1773 2811 1936 2898 obtusis

663 2970 705 3035 et
736 2947 982 3058 maximis,
1026 2965 1073 3029 ut
1116 2973 1172 3029 ex
1208 2947 1323 3033 Gon.
1353 2945 1417 3030 ill.
1437 2975 1489 3060 p.
1518 2967 1617 3060 473
1654 2948 1951 3070 leguminibus,

614 3125 618 3134 ·
660 3089 962 3210 polyspermis.
995 3091 1061 3174 De
1089 3087 1173 3172 hac
1192 3086 1386 3200 loquitur
1402 3087 1464 3172 Cl.
1483 3091 1604 3176 Deo.
1626 3089 1671 3175 in
1691 3119 1763 3203 pr.
1793 3125 1826 3178 s.
1846 3111 1935 3182 nat.

662 3265 703 3322 2.
727 3266 779 3353 p.
807 3231 922 3337 160,
954 3229 1061 3314 dum
1091 3227 1150 3312 ait
1179 3256 1205 3313 n
1234 3231 1454 3340 Legumcn
1494 3228 1644 3341 calyce
1684 3233 1859 3320 brevius
1890 3263 1936 3318 a·

658 3409 683 3463 »
716 3401 940 3492 spermum
968 3402 1025 3460 ax
1055 3373 1170 3460 Brol
1183 3403 1217 3476 ,··
1241 3370 1388 3481 calyce
1416 3370 1545 3483 paulo
1572 3369 1737 3483 longius
1767 3391 1811 3458 et
1837 3375 1936 3480 4-6-

656 3561 681 3612 n
712 3543 934 3635 spermum
972 3516 1018 3600 in
1060 3512 1292 3629 specimine
1321 3513 1453 3599 siculo
1483 3515 1673 3601 herbarii
1705 3519 1935 3607 Moriccn-

657 3698 683 3750 n
713 3666 782 3752 dii
811 3693 874 3771 »3
924 3689 1025 3745 nam
1042 3690 1117 3745 ex
1145 3656 1290 3743 Sicilia
1326 3655 1458 3768 hujus
1486 3657 1657 3770 plantae
1700 3662 1931 3772 specimina

577 3851 589 3858 -
659 3804 923 3912 amicissimo
942 3800 1229 3890 Moricandio
1256 3798 1597 3886 communicavi:
1628 3816 1671 3886 et
1697 3801 1798 3886 inde
1817 3821 1932 3888 recte

657 3949 900 4063 suspicatur
929 3947 994 4034 Cl.
1025 3950 1140 4035 Dcc.
1173 3943 1317 4059 plures
1347 3940 1508 4055 species
1537 3940 1731 4030 diversas
1758 3943 1848 4059 sub
1881 3945 1932 4028 0.

649 4093 931 4207 pubescentis
959 4091 1134 4180 nomine
1164 4107 1254 4176 esse
1282 4087 1497 4174 confusas
