4530 5736
1603 494 1681 608 269

453 663 668 777 simplices
691 662 763 746 vel
783 662 942 747 ramosi
962 693 975 769 3
996 663 1127 748 ramis
1147 662 1568 777 erecto-patentibus.
1591 667 1730 754 Folia

450 806 656 919 utrinque
684 805 838 890 incana
866 803 967 917 pilis
1003 802 1219 919 adpressis
1254 805 1466 893 stellatis:
1505 807 1730 895 radicalia

450 945 845 1053 subcanaliculata,
888 946 1045 1032 obtusa
1071 945 1143 1032 vel
1178 947 1445 1034 acutiuscula
1489 968 1730 1065 erecto-pa-

448 1087 616 1195 tentia,
645 1090 837 1202 margine
866 1087 1035 1202 saepius
1064 1090 1257 1203 integra,
1287 1091 1439 1178 subtus
1466 1098 1725 1205 praesertim

358 1244 364 1269 “
451 1229 762 1335 scabriuscula,
783 1229 971 1317 obsoleta
992 1259 1175 1316 nervosa
1195 1258 1245 1320 ac
1264 1230 1443 1339 lineata,
1473 1260 1489 1314 1
1516 1242 1607 1318 Μ
1629 1235 1728 1347 poll.

449 1367 606 1480 longa,
650 1370 727 1474 4-5
758 1373 829 1458 lin.
859 1370 971 1475 lata,
1021 1371 1067 1456 in
1095 1370 1306 1484 petiolum
1348 1397 1476 1484 supra
1513 1371 1727 1459 sulcatum

450 1514 602 1598 subtus
629 1514 874 1600 carinatum
902 1530 1154 1619 attenuatn3
1184 1512 1371 1600 camina
1398 1538 1558 1627 pauca,
1591 1515 1722 1600 linea-

445 1657 539 1762 ria,
570 1656 902 1766 angustissima,
931 1657 1248 1758 obtusiuscula,
1280 1655 1469 1761 sessilis,
1499 1656 1576 1741 vix
1599 1656 1721 1746 iliu.

395 1875 399 1887 Α
443 1795 558 1902 lata,
584 1795 657 1884 68
676 1795 750 1882 lin.
770 1799 907 1909 longa.
938 1793 1098 1883 Floras
1118 1794 1249 1900 lutei,
1279 1795 1325 1880 in
1353 1822 1571 1882 ramorum
1603 1797 1725 1912 apice

443 1942 682 2045 racemosi,
713 1941 894 2026 racemis
922 1938 1140 2048 elongatis.
1171 1936 1436 2028 Pednnculi
1465 1940 1621 2044 erecti,
1652 1939 1729 2025 de-

439 2109 560 2166 mum
587 2059 785 2195 potentes
826 2103 870 2168 et
918 2081 1135 2194 elongati,
1179 2079 1490 2193 pubescentes,
1536 2098 1727 2189 teretes,

441 2221 617 2306 siliculis
647 2219 778 2334 duplo
807 2222 1049 2335 longiores,
1079 2223 1154 2332 5-7
1185 2219 1259 2306 un.
1287 2218 1415 2331 longi.
1448 2219 1631 2333 Oahcis
1659 2222 1729 2309 fo·

439 2361 548 2446 liola'
569 2359 750 2474 oblonga
771 2423 784 2465 ,
827 2369 1051 2466 co’ncava,
1095 2361 1245 2473 petalis
1275 2358 1456 2445 dimidio
1485 2363 1719 2480 breviora,

438 2503 625 2605 obtusa,
668 2501 1121 2616 cano-pubescentia,
1164 2505 1240 2584 vix
1270 2500 1343 2585 liu.
1380 2501 1517 2610 longa.
1562 2507 1730 2590 Petale

439 2643 748 2749 cuneiformia‚
769 2641 927 2755 glabra.
943 2639 1204 2728 Filamentn
1225 2641 1441 2728 edentula.
1471 2643 1625 2754 Stylus
1651 2648 1728 2732 vix

399 2775 403 2790 ’
435 2788 698 2902 pubescens,
726 2786 801 2872 lin.
822 2769 985 2896 longus.
1017 2783 1233 2872 Siliculne
1253 2787 1324 2886 5-4
1351 2783 1423 2870 lin.
1446 2783 1620 2900 longae,
1653 2787 1727 2871 9-5

435 2928 509 3014 lin.
525 2931 665 3044 latae,
694 2927 787 3015 basi
815 2955 967 3042 parum
995 2926 1225 3043 obliquae,
1254 2951 1557 3038 compressae,
1585 2928 1729 3014 utrin-

437 3103 524 3190 que
551 3071 807 3160 rotundatas
835 3071 907 3158 vel
926 3069 1217 3157 acutiusculae
1230 3133 1243 3178 ,
1266 3070 1376 3156 facie
1398 3069 1724 3178 subundulatac,

435 3212 731 3324 glaberrimae.
762 3216 947 3304 Semina
975 3212 1052 3318 3-4
1080 3215 1126 3298 in
1153 3215 1308 3325 quovis
1341 3212 1510 3318 loculo,
1542 3212 1724 3326 ferrugi·
1787 3213 1813 3234 ’”

436 3383 540 3463 nea,
561 3355 834 3442 cubicularia.

549 3497 753 3608 Sequenti
773 3493 921 3602 affine,
957 3492 1033 3582 sed
1065 3491 1212 3582 differt
1243 3491 1355 3579 foliis
1384 3490 1518 3603 magis
1551 3489 1714 3574 incenis

441 3650 483 3716 et
503 3630 780 3718 crassioribus
807 3628 1129 3722 Cheirantbum
1146 3630 1365 3718 incanum
1384 3621 1714 3729 aemulantibus,

439 3802 663 3887 nunquam
691 3773 784 3858 basi
825 3771 1236 3876 sinuato-dentatis3
1267 3769 1391 3856 caule
1419 3766 1566 3852 minus
1589 3765 1716 3878 pani-

357 4009 360 4016 ,
442 3918 583 4006 culutc
623 3919 856 4031 minusque
885 3945 1085 4020 ramoso,
1138 3912 1314 3998 floribus
1356 3911 1521 3996 intense
1549 3907 1710 4010 luteis3

440 4058 621 4148 siliculis
641 4061 850 4174 utrinque
879 4050 1173 4144 conformibus
1202 4079 1288 4136 non
1322 4049 1443 4163 apice
1476 4045 1719 4136 rotundatis

440 4236 492 4293 ac
521 4202 825 4316 marginatis,
860 4218 902 4284 et
931 4195 1024 4286 basi
1054 4191 1295 4282 attenuatis.
