4516 5736
637 465 691 549 80

691 649 810 739 cata‚
844 632 968 744 apice
1003 646 1054 716 ut
1080 631 1318 745 plurimum
1347 659 1434 716 non
1463 631 1631 734 cibata,
1663 635 1857 743 margine
1885 662 1971 718 non

593 753 605 792 ”
688 771 880 884 hyalina.
911 772 1116 888 Siliquae
1149 791 1200 858 ut
1230 774 1275 856 in
1301 777 1367 859 H.
1382 774 1701 887 procumbenti.

803 918 979 1001 Summa
1009 945 1108 998 cnm
1137 914 1421 1027 praecedente
1451 915 1663 1020 affinitas,
1694 934 1737 1000 et
1758 916 1841 1000 nisi
1872 949 1969 1032 spe-

693 1059 847 1143 cimina
871 1058 956 1140 sint
975 1057 1059 1140 rite
1080 1071 1230 1169 parata
1253 1087 1308 1138 ex
1330 1057 1443 1140 sicco
1463 1083 1586 1168 aegre
1609 1055 1970 1167 dignoscendum

693 1217 840 1284 tamen
881 1217 930 1283 ut
958 1229 1015 1284 ex
1044 1197 1201 1311 plantis
1228 1197 1364 1302 vivis,
1406 1197 1550 1303 icone,
1588 1227 1643 1281 ac
1683 1197 1971 1313 descriptione

694 1341 809 1426 clare
828 1360 947 1455 patet
968 1339 1281 1456 sufficientibus
1300 1339 1412 1423 notis
1432 1339 1700 1425 distinctum.
1724 1343 1880 1447 Quoad
1901 1341 1973 1426 de-

694 1481 972 1595 scriptionem
1011 1481 1143 1564 etiam
1164 1483 1232 1564 H.
1243 1481 1424 1594 patenti
1457 1461 1619 1588 Willss,
1642 1499 1686 1566 et
1701 1486 1768 1568 Η.
1788 1484 1974 1571 littorali

694 1622 869 1707 videtur
896 1620 1047 1727 affine,
1078 1620 1153 1706 sed
1183 1620 1451 1707 diversnma
1479 1624 1622 1735 primo
1660 1626 1814 1736 petalis
1856 1641 1975 1710 exte-

693 1765 884 1850 rioribus
897 1763 1088 1874 oblongis
1108 1764 1317 1874 angustis,
1332 1790 1419 1846 non
1438 1766 1603 1874 magnis
1623 1765 1971 1873 cordiformibus3

693 1907 846 1992 obtuse
886 1905 1050 1990 trilobis
1086 1933 1172 1988 non
1200 1905 1404 2018 utrinqne
1432 1904 1591 1990 lobulis
1622 1908 1790 2012 acutis,
1831 1927 1874 1992 et
1904 1911 1972 1993 in-

694 2067 815 2134 tense
843 2045 1236 2149 hastaeforrnibns‚
1267 2065 1347 2131 etc.
1375 2048 1414 2130 A
1445 2043 1633 2130 secundo
1661 2047 1815 2160 petalis
1848 2049 1977 2138 dorso

694 2188 851 2302 glabris
866 2256 878 2296 ,
896 2191 1172 2280 interioribus
1191 2187 1443 2301 tripartitis,
1472 2217 1558 2273 non
1585 2189 1776 2300 integris.

707 2405 1886 2567 TETRANDJrIAa-TETRAGWA.

1204 2720 1355 2736 m

579 2903 844 2988 Bormanon
873 2926 1214 2986 Μαι-ΛΜΗ.
1238 2900 1355 2986 Dec.

805 3185 851 3268 Β.
874 3181 995 3267 caule
1038 3201 1182 3280 erecto
1219 3211 1388 3270 ramoso
1430 3186 1713 3298 dichotomo,
1745 3193 1870 3277 foliis
1896 3199 1974 3282 ob-

690 3327 827 3435 longis
859 3324 1137 3410 acutiusculis
1153 3325 1459 3439 ,pedunculis
1486 3331 1740 3418 axillaribus
1766 3338 1975 3421 termina-

692 3466 892 3581 libusque
922 3465 1141 3577 elongatis.
1174 3470 1238 3554 R.
1261 3472 1304 3554 S.
1341 3503 1377 3555 s.
1408 3443 1563 3586 regni,
1589 3506 1640 3590 p.
1663 3491 1815 3594 499.
1805 3481 1901 3594 Spr.
1926 3483 2043 3567 S.

503 3605 533 3718 ¹.
676 3639 781 3724 «seg.
815 3634 849 3691 r.
868 3637 920 3722 Ρ.
954 3608 1065 3726 498.

741 3749 966 3836 Tillaea
996 3751 1244 3840 Vaillantii.
1270 3754 1404 3844 Will.
1427 3788 1491 3872 sp.
1507 3759 1632 3873 ΡΖΛ.
1623 3793 1698 3876 ..Ρ
1718 3791 1819 3876 720
1843 3769 1971 3852 Pers.

620 3957 630 3970 .
693 3919 788 4003 syn.
815 3918 847 3977 a.
860 3918 916 4002 Ρ.
939 3891 1034 3976 153.
1056 3893 1182 3978 Poir.
1203 3893 1308 3980 dict.
1329 3927 1422 3984 eno.
1435 3931 1479 4012 7.
1484 3929 1536 4014 Ρ.
1549 3895 1654 4014 674.
1686 3905 1790 3989 Ten.
1802 3902 1971 4022 sinop.

681 4059 756 4143 pr.
779 4061 874 4146 sup.
906 4061 940 4115 ι.
961 4062 1011 4145 Ρ.
1034 4035 1105 4146 83.
1158 4073 1166 4102 ⁴

805 4172 864 4257 Ic.
880 4174 1007 4279 Dec.
1024 4174 1092 4288 pl.
1110 4203 1228 4286 gras.
1259 4191 1287 4263 t.
1309 4196 1389 4291 74.
2248 4215 2249 4268 l

859 4311 1021 4399 Sedum
1050 4313 1307 4423 minimum,
1337 4348 1560 4432 annuum,
1580 4317 1689 4412 floro
1721 4351 1879 4436 roseo,
1910 4348 1977 4415 te·
2125 4303 2127 4306 ι

694 4450 916 4568 trapetalo.
955 4452 1094 4540 Vaill.
1112 4457 1256 4567 paris.
1287 4474 1316 4545 t.
1343 4443 1459 4574 rof.
1484 4494 1523 4548 2.
2248 4555 2249 4594 Ν

2248 4619 2249 4680 l

808 4593 858 4677 ln
888 4591 1101 4708 depressis
1124 4599 1342 4686 inundatis
1372 4604 1575 4732 calcaneis
1595 4607 1820 4694 Calabriae
1839 4614 1979 4699 orien-
