4530 5736
1606 539 1683 630 247

573 675 884 771 Anti'rrhinum
910 683 1184 800 pubescens:
1229 685 1431 801 quadem
1452 686 1586 800 prod.
1600 717 1651 804 p.
1669 688 1739 778 36.

570 819 631 908 Ic.
660 823 800 911 nullo.

570 963 622 1050 In
657 966 860 1076 glareosis
895 971 1110 1056 montium
1138 971 1350 1083 Aprutii3
1380 969 1583 1083 Majella
1624 973 1744 1061 nella

456 1105 574 1194 valle
599 1107 646 1192 d’
667 1110 882 1224 Ofente,
903 1144 929 1198 e
956 1115 1004 1200 di
1038 1117 1083 1203 S.
1106 1112 1298 1228 Spirito,
1319 1111 1413 1202 alle
1452 1115 1706 1231 Mojelletto
1725 1181 1741 1224 ,

457 1248 677 1337 Mormne.
858 1281 863 1292 ·

525 1473 533 1482 .
566 1391 715 1497 Iulio,
744 1393 950 1506 Augusto.
980 1403 1019 1504 2(

565 1533 741 1620 Planta
768 1537 965 1654 undique
995 1537 1274 1653 pubescens,
1314 1539 1436 1626 triste
1478 1541 1745 1654 obscureque

451 1677 620 1785 virens,
642 1680 690 1764 in
710 1682 910 1793 glareosis
940 1680 1075 1767 humo
1104 1681 1279 1794 repletis
1300 1683 1548 1796 caespitosa.
1579 1683 1743 1770 Radix

450 1821 680 1934 perennis,
722 1822 965 1927 filiformis,
996 1823 1175 1927 albida,
1210 1823 1325 1910 inter
1354 1854 1457 1910 saxa
1487 1853 1736 1912 excurrens.

456 1966 614 2054 Coralis
633 1995 770 2082 prope
791 1985 956 2053 terram
976 1995 1191 2072 ramosus,
1213 1966 1385 2083 reliqua
1406 1969 1474 2056 sui
1492 1989 1618 2087 parte
1640 1972 1741 2055 sim-

446 2107 577 2222 plex,
600 2127 742 2219 teres,
774 2110 959 2213 solidus,
991 2110 1259 2197 semilineam
1290 2141 1482 2217 crassus,
1516 2111 1738 2228 2-4-polli-

448 2251 579 2355 caris,
611 2250 849 2338 directione
879 2271 922 2338 et
952 2229 1208 2338 distorsione
1236 2253 1394 2338 varius.
1424 2253 1562 2340 Folio
1591 2253 1739 2339 omnia

446 2394 907 2509 opposita,eordeta,
938 2394 1166 2508 petiolata,
1198 2395 1452 2480 reniformia
1489 2397 1559 2484 vel
1579 2398 1732 2484 subro-
1819 2435 1826 2444 ·

445 2537 582 2620 tunde
597 2603 611 2642 ,
641 2564 738 2620 raro
767 2551 894 2619 ovata
909 2598 923 2637 ,
955 2563 1177 2641 concava,
1222 2534 1414 2650 integra,
1460 2557 1636 2624 erenata
1664 2541 1737 2625 vel

293 2719 310 2736 ν
443 2675 693 2781 crenulata,
724 2689 766 2760 et
809 2676 941 2760 etiam
970 2674 1202 2786 3-b-loba3
1233 2677 1343 2763 lobis
1384 2677 1624 2766 rotundatis
1667 2679 1738 2767 vel

414 2892 416 2900 ,
444 2819 610 2931 acutis3
636 2819 995 2937 erecto-patentia
1023 2821 1094 2906 vel
1123 2820 1397 2931 divaricata,
1428 2821 1737 2938 semipollieem

443 2963 533 3053 leta
562 2995 612 3051 eo
631 2965 769 3090 longe.
800 2963 1005 3055 Pedolus
1034 2943 1172 3072 teres,
1196 2993 1380 3080 superne
1409 2966 1732 3076 canaliculatus,

444 3111 647 3226 pollicem
674 3110 862 3224 longus,
905 3110 951 3196 in
980 3107 1095 3196 foliis
1132 3109 1409 3197 inferioribus
1447 3109 1649 3224 longior,
1690 3114 1736 3196 in

441 3253 740 3370 superioribus
769 3254 958 3351 brevior.
1009 3251 1273 3342 Pedunouli
1300 3253 1469 3369 petiolis
1498 3253 1734 3368 aequales,

439 3401 512 3488 vel
550 3399 698 3515 paullo
736 3399 994 3504 breviores,
1024 3413 1217 3504 teretes,
1267 3397 1482 3503 solitarii,
1512 3397 1727 3513 oppositi,

395 3617 399 3628 .
441 3547 577 3651 reeti3
607 3564 652 3630 at
679 3543 893 3630 infructu
921 3542 1123 3648 arcuati,
1156 3541 1357 3629 deorsum
1384 3539 1549 3630 reflexi.
1586 3541 1732 3654 Colyx

441 3685 837 3804 quinquephyllus,
879 3685 1037 3774 foliolis
1073 3686 1431 3799 subaequalibus,
1459 3682 1732 3793 linearibus,

440 3832 733 3939 brevissimis,
753 3831 839 3930 vix,
862 3830 936 3917 liu.
958 3829 1120 3942 longis,
1143 3830 1343 3942 integris,
1365 3829 1542 3916 obtusis.
1573 3827 1733 3916 Flores

440 3979 553 4065 laete
596 3965 819 4083 coerulei,
863 3975 999 4062 odori.
1046 3973 1244 4062 Comllae
1273 3972 1510 4075 3-4-liueas
1544 3972 1727 4084 longae,

443 4123 645 4237 (calcare
675 4139 861 4233 excepto
881 4124 931 4229 );
977 4117 1091 4204 labio
1132 4101 1354 4232 superiore
1393 4145 1564 4206 sursum
1594 4144 1730 4230 angu-

441 4263 605 4370 stiore,
635 4265 804 4349 inferne
832 4260 1022 4368 lineato,
1067 4259 1309 4375 bipartito,
1339 4258 1506 4346 laciniis
1534 4257 1730 4346 ovalibus

441 4407 604 4495 obtusis
631 4405 770 4523 planis
798 4402 1006 4513 integris:
1036 4401 1241 4489 inferiore
1271 4398 1460 4508 trilobo,
1490 4399 1600 4489 lobis
1627 4427 1729 4485 eon-

349 4579 352 4588 ’
388 4604 392 4614 ·
442 4545 688 4655 coloribus,
719 4547 890 4651 oratis,
942 4547 1273 4662 subaequalibus
1293 4583 1318 4653 ,·
1357 4545 1533 4660 planis,
1581 4543 1724 4658 peleto
1759 4521 1773 4544 ’

443 4695 591 4810 gibbo,
615 4694 733 4783 sulco
760 4689 976 4808 profunde
1005 4707 1250 4803 excavato,
1281 4688 1462 4778 maculis
1490 4715 1723 4778 verrucae-
