4538 5738
655 475 735 562 522

625 637 654 672 ⁵
683 682 774 760 sus,
810 653 856 736 in
878 651 923 737 S.
945 645 1126 761 angusti
1149 640 1239 730 olio
1271 639 1351 728 vix
1379 639 1478 756 pilis
1511 643 1662 728 scaber
1690 643 1966 756 conspicitur.

794 789 1080 879 Acutissimus
1104 806 1249 872 noster
1277 781 1496 871 Columna
1516 781 1837 900 hanaspeciem
1851 805 1969 871 recte

682 935 1007 1054 apraecedente
1028 929 1314 1035 distinxeram
1337 953 1437 1014 nam
1459 928 1505 1012 in
1526 927 1649 1014 icone
1663 927 1792 1014 citata
1813 932 1989 1024 utrius,

684 1111 770 1198 que
803 1077 966 1164 semina
994 1070 1223 1187 depinxit,
1255 1089 1298 1155 et
1328 1070 1534 1186 equidem
1565 1071 1620 1157 ad
1658 1072 1771 1158 hano
1804 1095 1969 1188 spectat

684 1250 832 1310 semen
861 1220 906 1304 in
934 1217 1105 1302 interna
1136 1234 1260 1330 parte
1292 1214 1466 1300 tabulae
1497 1232 1707 1301 notatum.

792 1363 1104 1473 Synonymon,
1127 1359 1167 1444 S.
1192 1356 1438 1463 orientalis,
1466 1356 1769 1468 angustifolia,
1806 1361 1968 1447 semine

679 1509 807 1618 longo
841 1529 1005 1616 aspero.
1042 1503 1205 1588 Toam.
1239 1530 1322 1588 σον.
1358 1499 1507 1590 mad
1538 1503 1584 1588 S.
1615 1500 1836 1588 hirsutam
1854 1504 1966 1590 male

679 1650 888 1752 relatum,
912 1643 1075 1730 atinde
1096 1642 1152 1730 ad
1172 1643 1217 1728 S.
1239 1642 1443 1730 villosam
1464 1674 1489 1730 a
1508 1643 1572 1730 Cl.
1588 1643 1800 1734 Morsclo.
1820 1673 1967 1733 aman-

681 1790 860 1895 datum,
889 1787 1035 1903 potius
1062 1786 1119 1872 ad
1145 1786 1257 1874 hanc
1285 1804 1480 1872 nostram
1509 1805 1684 1900 spectat.

568 2081 860 2166 Scoazoamm
883 2099 1121 2160 mamam.
1155 2069 1303 2158 Presl.

718 2339 724 2348 ’
790 2361 832 2444 8.
852 2355 972 2443 caule
1000 2374 1143 2440 erecto
1163 2383 1362 2460 ramoso,
1384 2354 1497 2441 foliis
1513 2355 1778 2468 pinnatifidis
1797 2345 1963 2447 laciniis

677 2495 1097 2586 lineari-lanceolatis
1116 2495 1425 2606 integerrimis,
1447 2498 1638 2612 squamis
1659 2500 1868 2610 calycinis
1882 2498 1966 2614 gla-

677 2640 908 2727 briusculis
926 2639 1047 2753 apice
1068 2637 1236 2722 interne
1249 2636 1963 2752 pennicillato-tomentosis.Presl.

678 2784 762 2874 del.
784 2787 868 2870 Pr.
886 2812 938 2898 p.
964 2779 1056 2866 uo.
1085 2782 1193 2865 Ten.
1208 2779 1265 2892 fl.
1287 2809 1392 2897 aap.
1405 2811 1482 2896 pr.
1509 2810 1607 2896 sap.
1633 2797 1684 2881 4.
1704 2811 1757 2895 p.
1796 2810 1859 2869 ss.

783 2927 849 3036 ‚Ia
879 2935 1086 3010 nostrat.
1118 2923 1190 3008 55.
1202 2922 1252 3035 f.
1286 2951 1320 3008 s.
1739 3029 1741 3034 Ι

789 3074 842 3159 In
869 3065 1065 3172 collibus,
1088 3083 1131 3152 et
1148 3065 1311 3180 campis
1333 3065 1542 3177 argillosis
1568 3064 1817 3176 Calabriam
1846 3069 1964 3158 Roa-
2069 3067 2078 3082 '

669 3211 793 3306 ,cella
805 3276 819 3318 ,
856 3213 1073 3315 carone,
1104 3213 1151 3297 S.
1180 3207 1500 3296 Looaasaio'di
1535 3210 1679 3300 Cotto.

792 3351 968 3468 Aprili,
1002 3351 1136 3465 Majo.
1168 3358 1208 3460 21
1238 3349 1380 3446 vel&
1776 3455 1795 3472 „

788 3496 975 3586 Habitus
996 3509 1040 3578 et
1064 3491 1249 3578 affinitas
1273 3492 1419 3606 potius
1438 3521 1541 3580 cum
1567 3510 1804 3608 sequente,
1832 3521 1963 3610 quam

677 3665 779 3722 cum
799 3635 846 3723 S.
865 3631 1124 3747 resedifhlia
1145 3631 1378 3742 (Sonohas
1395 3633 1742 3724 chondrilloides
1762 3637 1897 3754 Desf.
1916 3627 1963 3748 ),

678 3807 793 3894 quae
817 3778 942 3888 longe
968 3777 1052 3862 alia
1078 3775 1250 3890 species.
1279 3775 1440 3865 Differt
1466 3778 1669 3892 equidem
1695 3809 1719 3866 a
1740 3782 1786 3867 S.
1817 3794 1965 3872 oetan»

671 3917 850 4034 gislari,
881 3913 1070 4032 squamis
1094 3913 1304 4028 calycinis
1336 3914 1511 4003 musicis
1544 3919 1665 4032 apice
1692 3916 1864 4008 interne
1887 3952 1965 4036 pe-

553 4178 555 4182 ·
675 4057 1163 4166 nicillato-tomentosis‚
1191 4053 1369 4162 floribus
1399 4059 1531 4175 duplo
1555 4059 1816 4173 majoribus,
1844 4065 1966 4176 caly-

676 4204 801 4306 cibus
825 4199 1079 4315 cylindricis
1106 4229 1195 4288 non
1226 4199 1448 4312 angulatis.
1484 4202 1589 4294 AS.
1619 4203 1965 4320 aaloitmpsfoiia

678 4362 797 4432 certe
823 4343 1045 4453 distincta,
1067 4346 1135 4432 uti
1147 4342 1330 4432 inferius
1340 4345 1529 4460 patebit,
1548 4375 1672 4434 secus
1691 4377 1744 4436 aa
1765 4350 1966 4464 opinatur

562 4579 564 4584 ,
678 4487 760 4594 el„
780 4488 879 4602 Spr.
916 4487 964 4572 in
996 4519 1031 4574 s.
1066 4516 1159 4601 oeg.
1199 4488 1240 4576 3.
1268 4517 1322 4604 p.
1364 4487 1467 4590 668.
1504 4489 1685 4578 Interim
1728 4487 1833 4576 folia
1873 4489 1964 4577 fere

680 4658 854 4744 semper
872 4625 1129 4742 pinnatifida
1149 4627 1262 4741 vidi,
1281 4659 1369 4718 non
1389 4661 1493 4723 vero
1514 4633 1966 4748 lyrato-pinnatifida,

679 4769 745 4860 uti
780 4797 838 4856 ex
854 4771 1056 4862 ,Preslia
