4516 5736
631 465 709 526 122

687 633 764 692 sua
792 606 841 694 0.
862 599 1139 715 microcarpn
1177 596 1347 684 iconem
1372 599 1620 686 Moriconii
1645 630 1678 685 o.
1693 626 1740 716 9.
1762 611 1790 684 t.
1824 599 1909 716 af.
1925 595 1965 686 3.

623 789 625 797 ·
683 747 918 850 transfert,
942 774 1053 858 quae
1087 743 1368 850 aLinnaeo,
1396 743 1704 834 thdenocio
1726 810 1739 853 ,
1760 746 1963 832 Lamot-
2070 817 2074 827 ,

685 895 756 982 tio
770 961 796 1006 ,ι
824 897 1005 1007 aliisque
1050 891 1131 976 sub
1168 893 1227 984 0,
1263 890 1409 976 sicula
1440 891 1641 977 refertur.
1677 892 1965 980 Moriooninc

690 1042 735 1123 in
767 1037 869 1122 tier.
904 1034 944 1120 3.
973 1065 1020 1149 p.
1062 1031 1161 1144 267.
1192 1047 1312 1140 notat
1325 1029 1372 1146 f.
1404 1033 1443 1120 3.
1476 1044 1505 1120 t.
1540 1058 1573 1116 ι.
1604 1033 1661 1118 ad
1693 1033 1887 1147 plantam
1908 1035 1965 1120 si-

691 1180 856 1279 culam,
889 1193 931 1260 et
956 1174 1004 1291 s.
1039 1175 1079 1262 6.
1115 1168 1311 1287 eiusdem
1345 1171 1519 1256 tabulae
1549 1174 1604 1257 ad
1638 1173 1831 1286 plantam
1850 1176 1968 1262 Bar-

691 1317 843 1406 barice
883 1317 1131 1427 indigenam
1163 1333 1385 1432 spectare3
1416 1343 1526 1428 qnae
1540 1315 1587 1431 f.
1622 1315 1661 1402 6.
1690 1316 1746 1402 ad
1774 1319 1822 1408 C.
1853 1317 1969 1404 tita-

691 1459 885 1547 notz'dem
917 1458 1106 1546 refertur
1135 1459 1188 1543 ab
1210 1455 1422 1541 omnibus.
1446 1461 1503 1544 At
1536 1454 1581 1540 ni
1614 1455 1739 1542 fallor
1761 1457 1871 1544 mihi
1900 1459 1968 1544 vi-

694 1599 847 1686 detur:
880 1601 933 1684 1.⁰
950 1665 964 1707 ‚
988 1602 1105 1714 qnod
1130 1597 1176 1714 f.
1208 1599 1247 1684 3.
1280 1597 1532 1685 Morisom'i
1567 1597 1596 1684 I.
1629 1629 1665 1683 c.
1690 1625 1716 1682 a
1745 1601 1792 1685 0.
1814 1599 1970 1684 micro-

696 1769 835 1856 carpe
864 1745 918 1826 sit
948 1738 1250 1845 excludenda,
1281 1757 1323 1824 et
1351 1737 1407 1826 ad
1443 1743 1489 1829 Ο.
1512 1737 1704 1825 siculam
1744 1715 1971 1826 certocer-

697 1885 782 1970 tius
817 1883 960 1968 denuo
1001 1877 1295 1983 amandanda,
1331 1907 1433 1964 cum
1472 1880 1517 1966 0.
1543 1880 1690 1966 cicula
1720 1901 1763 1968 et
1794 1909 1881 1967 non
1922 1883 1968 1968 0.

695 2026 971 2136 microcarpa
1002 2022 1046 2104 in
1079 2020 1225 2107 Sicilia
1258 2019 1506 2135 proveniat:
1533 2021 1609 2124 n.⁰‚
1646 2023 1765 2134 quod
1784 2021 1832 2138 f.
1854 2021 1894 2109 6.
1916 2023 1971 2107 ad

701 2171 755 2278 Ο.
786 2163 977 2252 cicutam
1000 2159 1165 2276 pariter
1191 2160 1419 2252 referenda
1441 2166 1518 2268 sit,
1540 2189 1642 2246 nam
1659 2159 1767 2248 haec
1788 2163 1884 2250 icon
1916 2167 1971 2250 ab
2011 2233 2021 2248 .

696 2305 782 2392 illis
810 2300 988 2412 Lobelt'i
997 2369 1011 2411 ‚
1042 2301 1311 2409 Dodonaei,
1340 2301 1666 2416 Daleclzampii
1678 2366 1694 2406 ,
1733 2303 1945 2390 Bandini
1956 2367 1971 2408 ,

696 2445 758 2533 ec.
789 2449 867 2532 sub
910 2450 959 2534 0.
988 2443 1234 2534 libanotide
1261 2443 1405 2532 citatis
1433 2446 1609 2529 omnino
1635 2428 1832 2552 recedit,
1871 2445 1972 2532 dum

700 2591 750 2676 C.
765 2588 941 2676 niculae
971 2608 1034 2675 est
1067 2585 1242 2673 omnino
1261 2583 1440 2691 similis3
1462 2613 1542 2668 nec
1563 2587 1702 2671 obstat
1731 2587 1849 2700 quod
1870 2593 1974 2677 Mo·

697 2730 893 2818 riconino
922 2729 1087 2815 fructus
1116 2730 1234 2813 levas
1272 2728 1315 2812 in
1345 2728 1468 2812 icone
1495 2747 1823 2841 repraesentet,
1869 2731 1972 2842 quia

701 2872 751 2961 C.
781 2872 959 2978 cicula,
999 2871 1064 2957 uti
1090 2873 1179 2986 jam
1208 2869 1377 2954 notavit
1415 2868 1478 2954 Cl.
1510 2869 1652 2960 Stbtt.
1694 2873 1738 2955 in
1754 2873 1810 2986 fl.
1842 2903 1906 2989 gr.
1939 2902 1972 2958 r.

687 3041 740 3130 p.
759 3039 829 3126 71.
858 3010 1081 3124 insigniter
1100 3011 1241 3097 variat
1267 3008 1477 3096 fructibus
1504 3010 1672 3112 levibus
1693 3013 1763 3098 vel
1787 3016 1970 3128 ‚asperis‚

698 3152 813 3238 foliis
845 3151 1107 3263 longioribus
1139 3151 1210 3236 vel
1236 3149 1534 3260 brevioribus,
1569 3151 1646 3234 ita·
1662 3169 1712 3236 ut
1744 3151 1835 3268 ipse
1865 3159 1978 3242 Mo-

705 3287 900 3380 ricont'ue
932 3292 978 3376 in
1002 3292 1148 3380 tabula
1177 3293 1307 3379 citata
1340 3291 1454 3377 inter
1481 3297 1531 3402 f.
1561 3296 1600 3381 3.
1635 3275 1677 3378 et
1688 3293 1736 3408 f.
1767 3295 1806 3381 6.
1828 3293 1979 3381 solium

703 3435 890 3521 radicale
923 3436 1102 3522 unicum
1133 3465 1213 3551 pro
1251 3454 1437 3552 utraque
1477 3439 1620 3552 specie
1646 3447 1978 3553 repraesentet,

706 3573 909 3688 dicatque
944 3577 990 3659 in
1024 3576 1367 3690 descriptione»
1401 3578 1631 3695 utriusque
1646 3577 1823 3691 folium
1852 3585 1981 3671 Peu-

709 3715 873 3802 cedam·
887 3685 1041 3804 instar.
1063 3747 1088 3800 n

595 3941 963 4034 Caenornnnnon
993 3967 1354 4042 nzofloromnm.
1375 3945 1601 4056 Lngncca.

818 4144 868 4231 C.
888 4143 1014 4230 caule
1046 4135 1295 4232 dichotomo
1329 4161 1473 4232 erecto
1500 4118 1672 4249 striato,
1692 4143 1807 4232 foliis
1826 4143 1983 4260 tripin-
2007 4220 2014 4232 .

711 4287 846 4392 natis,
865 4281 1024 4384 foliolis
1054 4287 1350 4400 pinnatifidis,
1379 4289 1546 4375 laciniis
1566 4265 1801 4376 lidearibus
1822 4287 1981 4394 ocutis,

613 4466 619 4475 ·
710 4423 923 4509 fructibus
971 4427 1164 4536 margine
1208 4419 1615 4544 lamellato-plicatis
1644 4419 1673 4541 Ι(
1704 4427 1982 4516 tuberculatis

713 4565 874 4675 Poir.)
907 4569 1023 4679 Lag.
1058 4597 1154 4654 nov.
1187 4599 1282 4683 gen.
1302 4601 1350 4687 pt
1383 4573 1445 4659 13.
1550 4601 1555 4616 ·
1670 4549 1672 4554 ⁵
