4540 5736
603 484 654 543 20

546 629 762 714 Acnosrrs
791 655 1036 716 aaaron.
1059 629 1173 716 Dec.

769 901 823 984 A.
837 900 1063 1014 paniculae
1084 899 1215 987 ramis
1236 899 1584 986 subtrichotomis
1597 895 1849 1012 hispidulis,
1867 923 1931 978 ca-

657 1040 827 1154 lycibus
848 1042 1302 1128 acuminato-aristatis
1322 1039 1466 1127 carina
1498 1037 1704 1153 hispidis,
1726 1035 1930 1124 corollina

657 1181 801 1292 gluma
814 1186 977 1294 majore
997 1185 1119 1297 apice
1131 1183 1353 1268 biaristata
1367 1245 1380 1284 ,
1395 1179 1524 1265 arista
1546 1177 1702 1264 dorsali
1722 1208 1848 1293 supra
1860 1178 1932 1262 ba·

658 1323 741 1408 sim
760 1324 999 1436 'geniculata
1033 1321 1220 1412 emedio
1248 1323 1416 1436 glumas
1439 1313 1677 1434 prodeunte
1710 1318 1930 1431 calycibus

659 1465 789 1580 duplo
827 1467 1041 1579 longiore,
1070 1466 1187 1554 foliis
1216 1467 1375 1578 planis,
1405 1463 1534 1577 ligula
1562 1481 1734 1582 asserta¹
1762 1465 1927 1569 bifida,

656 1607 972 1694 radicetibrosa
993 1637 1147 1695 annua.
1168 1611 1284 1696 Dec.
1293 1605 1349 1718 fl.
1357 1607 1429 1722 fr.
1445 1633 1572 1722 supp.
1577 1637 1629 1722 Ρ.
1646 1611 1744 1694 251.
1761 1611 1867 1692 Ten.
1871 1606 1926 1716 fl.

656 1781 760 1865 nup.
774 1751 814 1835 3.
830 1740 878 1866 Ρ
895 1755 965 1836 52.
1369 1801 1373 1810 ·
1998 1743 2003 1752 ¹

768 1893 827 1976 lc.
848 1905 1000 1977 nostro
1024 1907 1051 1978 t.
1068 1898 1109 1980 5.
1114 1895 1162 2006 f
1191 1923 1224 1976 a.
1625 2005 1627 2010 Α

754 2019 818 2118 'In
838 2033 1030 2119 humidis
1050 2034 1287 2138 sterilibus,
1303 2053 1345 2118 et
1365 2034 1417 2118 ad
1439 2039 1696 2120 torrentium
1718 2034 1929 2146 margines

657 2174 701 2282 in
721 2175 944 2280 Calabria,
973 2175 1174 2292 Oppido,
1195 2174 1396 2290 Reggio,·
1419 2175 1460 2257 in
1486 2177 1688 2286 iapygia,
1706 2175 1929 2277 Brindisi,

654 2317 814 2401 Lecce.
1619 2308 1621 2316 ’

767 2457 912 2570 Majo,
934 2461 1072 2546 Junio.
1096 2471 1155 2571 Q)

772 2599 921 2684 Culmi
942 2602 1102 2714 glabri,
1124 2604 1266 2710 leves,
1292 2604 1386 2700 basi
1407 2601 1635 2717 geniculati
1668 2605 1738 2688 vel
1752 2600 1930 2688 decum-

655 2739 830 2847 bentes,
847 2745 1052 2853 geniculis
1073 2747 1348 2832 inferioribus
1363 2744 1698 2860 approximatis,
1714 2742 1926 2852 coloratis.

592 2871 593 2874 Ὺ
655 2882 790 2967 Folia
803 2884 1047 2998 capillaria,
1060 2885 1188 2998 plana
1201 2950 1214 2989 ,
1229 2886 1330 2970 inde
1348 2888 1600 3001 convoluta,
1618 2884 1783 2996 glabra,
1796 2889 1929 2973 utrin-

657 3053 740 3134 que
766 3026 943 3126 striata,
965 3026 1221 3131 leviuscula,
1245 3025 1299 3114 ad
1320 3057 1416 3114 oras
1435 3030 1537 3116 hinc
1559 3028 1661 3114 inde
1683 3029 1816 3141 pilosa
1830 3091 1843 3130 ,
1856 3058 1927 3112 su-

654 3165 825 3278 periora
844 3167 1064 3276 breviora,
1088 3169 1254 3256 latiora.
1279 3172 1484 3285 Vaginae
1504 3169 1702 3273 striatae,
1725 3171 1927 3282 glabrae,

652 3311 781 3413 leves.
796 3310 968 3428 Ligula
978 3312 1160 3397 scariosa
1174 3374 1187 3415 ,
1203 3310 1372 3415 albida,
1390 3312 1782 3417 ovato-lanceolata,
1803 3343 1836 3396 1.
1852 3313 1925 3397 lin.

655 3451 799 3562 longa,
815 3450 964 3560 bifida,
980 3451 1147 3538 laciniis
1167 3452 1457 3540 subtrunoatis
1476 3452 1926 3540 denticulato-laceris.

654 3597 887 3710 Peniculo
909 3617 1048 3683 erecta
1069 3618 1168 3684 ante
1190 3618 1232 3684 et
1256 3619 1352 3714 post
1373 3597 1583 3683 antbesim
1605 3599 1928 3703 subcontracta,

652 3741 730 3823 sub
751 3740 918 3825 anthesi
930 3741 1102 3854 patens,
1118 3738 1339 3854 pedicellis
1353 3742 1524 3854 asperis.
1560 3739 1770 3855 :Spiculae
1790 3742 1929 3842 leves,

651 3879 833 3989 glabrae.
863 3881 1056 3968 Glumae
1076 3880 1296 3993 calycinae
1318 3877 1533 3968 corollinia
1554 3882 1683 3995 duplo
1701 3880 1928 3994 longiores,

652 4051 765 4107 nunc
794 4023 969 4110 omnino
1002 4025 1159 4136 pallide
1192 4021 1499 4127 flavescentes,
1534 4052 1646 4109 nunc
1680 4057 1704 4108 e
1733 4027 1866 4113 viridi
1888 4045 1930 4110 et

593 4252 594 4262 Ν
652 4183 984 4282 purpurascente
1009 4171 1166 4256 variae.
1878 4260 1879 4270 g
1915 4187 1918 4194 ’

764 4313 950 4399 Habitus
971 4314 1118 4400 Airoe
1138 4311 1415 4398 articulatae.
1438 4317 1558 4402 Inter
1572 4316 1757 4432 Aperos
1778 4317 1934 4401 imme-

653 4450 737 4532 rito
760 4453 861 4540 aa.
878 4455 925 4539 S.
946 4487 979 4537 s.
995 4483 1086 4568 veg.
1105 4484 1145 4539 2.
1163 4487 1213 4571 Ρ.
1231 4457 1316 4571 37⁰
1344 4455 1506 4561 relata,
1541 4485 1641 4542 narn
1663 4457 1934 4544 characteres

653 4591 842 4698 generisi
865 4597 1007 4708 potius
1038 4597 1293 4703 Trichodii,
1320 4618 1362 4684 et
1396 4601 1509 4688 inter
1533 4599 1612 4684 ista
1642 4599 1751 4687 haec
1774 4603 1937 4717 species
