4526 5734
650 515 725 602 ¹7⁸

694 659 873 772 glabra,
899 655 1084 776 priscilla
1110 658 1247 746 latere
1285 659 1490 750 interiore
1523 663 1716 754 barbata·
1744 669 1966 786 Caprula
2045 745 2047 756 .

692 805 841 918 calyce
870 822 983 894 tecta
1004 822 1212 912 ,·ovala,·
1241 803 1388 916 glabra
1408 872 1424 912 ,Α
1460 810 1575 894 iutra
1604 813 1801 924 calyccm
1841 814 1966 926 longe

688 946 970 1063 pcdicellata3
1001 944 1213 1062 pedicello
1244 947 1259 1054 (
1279 949 1568 1066 tacnpcpdorn
1581 957 1602 1062 Α)
1622 951 1701 1058 5-4
1718 954 1802 1042 lin.
1823 957 1963 1070 longo,

414 1109 417 1116 ’
554 1081 559 1086 ’
685 1089 881 1192 clavato,
904 1089 1103 1197 arieto,
1134 1091 1408 1204 pubescente.
1451 1094 1640 1180 Semina
1669 1096 1820 1207 nigra,
1862 1101 1966 1188 sub-

558 1285 561 1290 ·
687 1231 962 1334 reuifcrrnia,
991 1230 1200 1343 utrinqne
1230 1259 1496 1348 compressa,
1526 1235 1653 1322 dorso
1681 1238 1863 1352 pulchre
1892 1271 1967 1329 ex-

691 1389 1073 1486 cavato-punctam
1105 1374 1314 1485 (punctis
1342 1374 1563 1489 impressis
1590 1394 1738 1463 notata
1758 1383 1787 1485 ).

800 1518 848 1604 S.
877 1513 1057 1600 ciliatae
1085 1517 1202 1612 Dec.
1225 1545 1298 1632 pr.
1328 1544 1415 1629 syc.
1445 1530 1537 1604 nat.
1565 1545 1598 1602 r.
1620 1549 1671 1635 p.
1695 1517 1788 1634 374
1802 1582 1816 1625 ‚
1846 1537 1888 1606 ct
1918 1525 1963 1611 S.

690 1659 945 1762 Pourretii,
967 1660 1093 1744 Pcir.
1114 1658 1221 1744 aiat.
1240 1687 1334 1746 nnc.
1356 1654 1483 1773 supp.
1499 1662 1542 1744 5.
1553 1690 1606 1775 p.
1621 1661 1715 1763 150,
1736 1661 1794 1744 ita
1815 1661 1965 1750 similis

690 1798 746 1882 ob
766 1793 1126 1884 inflorescentiam
1138 1864 1152 1906 ,
1166 1811 1221 1881 ‘ut
1242 1827 1374 1884 unam
1415 1798 1658 1912 eademque
1677 1800 1864 1914 specium
1898 1801 1966 1886 di-

689 1969 839 2043 ceres,
869 1957 915 2026 at
944 1939 1056 2026 soliis
1085 1957 1127 2025 et
1155 1938 1301 2030 radice
1329 1941 1505 2028 omnino
1534 1941 1718 2028 diversa.
1747 1943 1890 2034 Radix
1921 1944 1966 2030 in

690 2098 834 2168 nostra
853 2077 1008 2166 fibrnsa
1022 2145 1035 2186 ,
1065 2082 1234 2186 tenuis,
1264 2082 1350 2168 huc
1372 2081 1475 2170 illuc
1503 2111 1582 2197 per
1602 2085 1827 2199 obliquum
1855 2087 1968 2173 inter

690 2224 937 2336 graminum
965 2225 1109 2334 glebas
1129 2253 1386 2333 excurrens3
1407 2243 1452 2311 et
1471 2218 1697 2341 nunqnam
1716 2228 1876 2341 lignosa
1889 2293 1902 2336 ,
1917 2261 1967 2316 ac

688 2395 828 2480 prope
844 2367 1004 2452 collum
1032 2364 1296 2478 caespitosa,
1315 2379 1364 2450 ut
1383 2363 1425 2448 in
1448 2367 1494 2451 S.
1515 2365 1683 2452 ciliatn.
1712 2367 1835 2456 Folia
1854 2395 1967 2453 mar-

689 2507 786 2618 gine
807 2509 864 2594 ad
890 2507 1028 2596 basim
1056 2508 1226 2615 ciliata,
1248 2525 1293 2591 et
1316 2531 1451 2620 prope
1479 2506 1672 2594 radicem
1699 2505 1788 2596 fere
1822 2513 1966 2600 omnia

582 2727 590 2738 .
692 2652 917 2760 conferta,
947 2653 1071 2736 utin
1104 2653 1151 2738 S.
1187 2648 1382 2755 ciliata5
1425 2646 1503 2735 sed
1544 2648 1739 2764 undiquc
1766 2649 1966 2765 adpresse

690 2792 827 2901 hirta,
856 2793 1093 2879 lanceolata
1120 2819 1207 2878 non
1234 2789 1438 2894 linearia,
1473 2816 1491 2874 1
1523 2795 1606 2889 ÷-a
1629 2789 1803 2905 pollices
1827 2791 1964 2906 longa,

694 2935 770 3022 5-5
791 2935 873 3034 lin.
903 2933 1001 3020 lata.
1722 3009 1724 3016 .

671 3153 679 3174 ,
804 3080 1088 3189 Synouymou
1116 3075 1311 3167 Morene·
1339 3103 1407 3162 ex.
1426 3077 1733 3190 speciminibus
1754 3075 1828 3162 -cb
1861 3077 1967 3162 ami-

487 3285 492 3294 .
582 3297 585 3302 ,
699 3215 869 3304 cissimo
904 3217 1059 3306 Orsini
1099 3215 1426 3304 communicatis
1455 3216 1513 3304 au
1540 3217 1651 3304 hanc
1679 3216 1843 3330 absque
1878 3214 1965 3304 ullo

699 3357 832 3446 dubio
861 3375 1039 3474 spectat.

580 3661 739 3744 Suana
767 3680 1143 3744 uunrreannra.
1171 3653 1288 3740 Nob.

804 3923 845 4010 S.
867 3923 989 4010 caule
1019 3920 1306 4010 adscendente
1328 3915 1548 4030 (gracili)
1571 3913 1967 4027 dichotomcpani-

696 4061 867 4168 culato,
917 4062 1032 4149 foliis
1059 4061 1293 4147 linearibus
1336 4056 1524 4169 angustis
1564 4053 1785 4171 puberulis
1827 4055 1962 4142 nentis

629 4303 639 4320 ,
695 4205 1048 4312 ciliaco-scabris,
1069 4198 1246 4290 floribus
1267 4179 1620 4316 subpauiculatis,
1643 4198 1865 4310 calycibus
1883 4194 1970 4307 gla-

685 4346 894 4434 berrimis
916 4343 1121 4453 clavatis,
1145 4341 1300 4460 petalis
1329 4340 1572 4458 bipartitis,
1594 4367 1778 4427 coronae
1797 4336 1968 4424 laminis

687 4487 998 4604 bicuspidatis‚
1041 4489 1226 4603 capsula
1253 4483 1587 4598 ovato-oblonga
1620 4482 1815 4572 breviter
1842 4477 1961 4598 pedi·

683 4631 850 4720 cellala.
