4540 5736
1714 495 1739 578 5

596 671 645 759 C.
675 664 899 784 tenuifolia
935 664 1090 756 Thuit
1124 669 1256 758 Pers.
1284 698 1380 783 syn.
1406 696 1441 752 r.
1458 699 1513 786 p.
1549 671 1588 756 6.
1709 767 1710 770 g

598 813 658 898 lc.
686 823 839 898 nostra
864 822 895 895 t.
929 839 963 897 r.

598 949 653 1036 ln
681 952 841 1064 stagnis
870 979 1005 1068 prope
1033 953 1188 1060 Sorisb
1216 955 1355 1065 (Per.
1377 959 1409 1065 ),
1432 973 1476 1041 et
1511 955 1697 1042 Cotrone
1726 953 1771 1034 in

486 1091 685 1180 Calabria
713 1093 926 1208 orientali.
1631 1111 1635 1118 '

551 1259 554 1267 ’
600 1234 789 1343 Martio,
818 1236 974 1351 Aprili.
1006 1245 1057 1345 Θ

606 1375 772 1466 Carales
798 1375 1043 1493 filifornses,
1075 1376 1224 1487 solidi,
1252 1378 1523 1492 glaberrimi,
1546 1407 1632 1465 non
1661 1377 1774 1463 radi-

493 1537 650 1606 cantes.
690 1519 827 1610 Folio
860 1527 1031 1640 semper
1064 1541 1213 1630 acuta,
1246 1550 1334 1607 non
1367 1539 1590 1628 truncata,
1615 1543 1774 1608 erecto-

494 1665 709 1774 patentia,
748 1662 954 1751 inferiora
984 1666 1121 1778 magis
1153 1663 1360 1751 distantia
1392 1683 1435 1750 et
1461 1663 1675 1778 longiora,
1697 1665 1775 1750 vix

347 1895 351 1902 ,
494 1806 765 1894 semilineam
802 1808 913 1912 lata,
947 1805 1026 1911 5-4
1056 1807 1130 1893 lin.
1164 1807 1302 1921 longa.
1346 1807 1545 1893 Fmotns
1586 1794 1775 1908 sessiles,

497 1951 566 2035 vel
586 1949 830 2065 pedunculo
858 1951 937 2036 vix
969 1947 1242 2036 semilineam
1268 1948 1417 2063 longo,
1447 1951 1591 2034 erecto
1620 1948 1779 2042 instru-

495 2095 576 2196 cti,
606 2093 747 2197 leves,
779 2091 928 2206 glabri.

606 2235 656 2321 C.
667 2231 934 2320 autumnali
946 2299 960 2343 ,
972 2225 1112 2347 'quam
1131 2235 1180 2321 C.
1201 2261 1364 2354 vernae
1382 2233 1651 2350 proximior,
1666 2233 1779 2320 atah

497 2375 569 2462 illa
589 2375 692 2462 satis
712 2403 931 2490 superque
951 2373 1170 2460 distincta.
1182 2375 1355 2462 Nomen
1373 2373 1438 2464 Cl.
1454 2379 1691 2492 Petagnae
1712 2393 1780 2458 ut-

496 2534 597 2630 pote
626 2515 851 2632 antiquius
879 2513 1144 2602 servandum
1166 2530 1244 2602 est.
1721 2509 1723 2512 ’

387 2805 695 2934 Cinnrrnrona
722 2791 1136 2896 annonarum.
1165 2804 1283 2894 Deo.

452 3124 456 3136 ·
557 3095 606 3182 C.
632 3092 747 3180 foliis
772 3075 1054 3182 inferioribus
1083 3091 1521 3210 lineari-spathulatis
1551 3094 1782 3210 superiori-

456 3275 483 3288 ··
502 3239 584 3324 bus
611 3235 830 3346 oblongis,
861 3235 1063 3324 omnibus
1091 3237 1257 3324 obtusis
1278 3235 1562 3352 triplinerviis
1583 3236 1780 3350 integris,

500 3376 717 3463 fructibus
730 3375 1011 3463 inferioribus
1037 3376 1340 3491 pedunculatis
1361 3378 1656 3493 superioribus
1681 3381 1784 3466 sub-
1880 3393 1883 3399 ’

505 3516 737 3606 sessilibus.
757 3519 874 3606 Deo.
883 3517 940 3631 fl
945 3516 1018 3634 fr.
1041 3535 1091 3620 4.
1102 3551 1155 3637 p.
1184 3519 1290 3621 415.
1312 3520 1457 3610 Loisl.
1473 3521 1531 3634 fl.
1549 3491 1656 3636 'gall
1666 3551 1719 3636 p.
1741 3549 1781 3605 2.
1937 3603 1943 3610 .

505 3665 569 3751 R.
593 3665 640 3754 S.
663 3693 697 3748 s.
719 3690 810 3775 vag.
837 3687 871 3744 r.
882 3690 935 3778 p.
959 3677 1039 3772 47.

617 3805 677 3892 Ic.
707 3816 858 3892 nostro
887 3815 915 3887 t.
946 3831 987 3890 2.
997 3803 1045 3916 f.
1076 3831 1110 3890 r.

617 3947 670 4034 In
690 3946 848 4056 stagnis
867 3972 1004 4061 prope
1029 3945 1225 4053 Geraoe,
1247 3963 1294 4032 ot-
1316 3947 1497 4034 Ootr'one
1517 3946 1563 4032 in
1583 3945 1784 4038 Calabria

504 4086 727 4190 orientali,
758 4115 844 4173 una
873 4114 976 4172 oum
1002 4087 1052 4175 C.
1080 4115 1233 4174 verno.

619 4227 808 4336 Martio,
838 4227 1076 4374 Altina&

479 4379 483 4387 '
625 4369 788 4460 Carales
803 4365 1040 4477 fililormes,
1055 4368 1249 4482 margine
1264 4367 1486 4487 pellucidi,
1501 4371 1671 4460 interne
1692 4401 1789 4461 ner-

388 4625 392 4636 .
508 4543 566 4601 vo
594 4514 761 4624 notati,
790 4511 847 4602 ad
874 4509 1072 4624 genicula
1100 4511 1333 4628 aliqnando
1367 4511 1622 4602 radicantes.
1651 4517 1789 4605 Folio

510 4654 718 4745 inferiora
754 4653 1018 4762 remotiora,
1056 4652 1279 4768 superiora
1316 4681 1439 4754 more
1467 4656 1635 4772 generis
1654 4659 1790 4772 magis
