4540 5736
644 557 694 616 10

697 699 810 787 dulis
832 699 990 825 albidis
1013 700 1314 787 minutissimis
1337 725 1594 814 consperso,
1624 700 1814 810 integro,
1839 723 1970 784 ⁴roseo

694 843 765 932 vel
785 864 881 960 post
901 842 1116 930 anthesim
1136 842 1353 951 violace03
1374 842 1580 928 inferiore
1600 841 1736 928 dilute
1763 868 1972 958 purpura-

696 1007 869 1093 scente,
891 985 1139 1101 tripartito,
1160 984 1328 1074 laciniis
1346 983 1601 1072 lateralibus
1617 985 1939 1096 angustioribus
1957 1051 1970 1090 ‚

647 1147 649 1153 ’
694 1129 860 1237 oratis,
882 1128 1116 1222 suberectis
1147 1125 1605 1233 vethofizontatibus,
1626 1125 1770 1214 media
1789 1129 1965 1232 latiore,

693 1297 903 1379 concava,
923 1274 1190 1384 emarginate
1202 1333 1215 1374 ,
1242 1269 1439 1355 obovate
1470 1270 1727 1356 Staminum
1752 1268 1971 1356 filamenta

693 1411 1002 1528 appendicibus
1022 1411 1281 1498 transversis
1294 1410 1613 1522 semisagittatis
1624 1410 1859 1500 lateraliter
1873 1439 1971 1496 con·

694 1552 1165 1668 nexis,appe1idicium
1179 1549 1403 1662 angulisin
1417 1550 1603 1639 corollae
1622 1552 1747 1638 fauce
1760 1573 1969 1666 tanquam

630 1738 647 1750 ³·
690 1693 902 1780 denticuli
921 1693 1009 1780 duo
1027 1691 1396 1806 prominentibus,
1414 1709 1460 1776 et
1479 1719 1608 1804 supra
1627 1693 1888 1809 appendices
1910 1695 1970 1779 ia·

583 1909 587 1916 .
693 1835 851 1922 sciculo
870 1837 1060 1952 pilorum
1078 1835 1301 1918 instructa.
1318 1834 1496 1948 Stignta
1512 1832 1707 1940 bifidum,
1718 1839 1796 1920 vix
1817 1863 1967 1922 exser-

691 1999 800 2065 tum.
835 1979 992 2066 Flores
1011 1975 1289 2083 verticillati,
1320 1972 1413 2078 4-6.
1440 2003 1522 2091 pro
1551 1977 1707 2090 quovis
1727 1977 1964 2084 verticillo,

687 2121 970 2236 pedunculati
984 2152 998 2230 3
1012 2117 1268 2235 pedunculis
1287 2119 1365 2204 vix
1382 2124 1398 2205 ÷
1418 2117 1559 2206 ·t.lin
1572 2116 1730 2229 longis,
1754 2119 1811 2205 ad
1831 2119 1968 2206 latera

692 2261 870 2348 hirsutis
890 2261 1114 2366 coloratis,
1135 2261 1308 2345 interna
1320 2259 1431 2344 facie
1451 2257 1671 2344 viridibus
1695 2259 1881 2370 glabris,
1897 2290 1968 2346 su-

689 2432 825 2518 perne
858 2405 1119 2508 latioribus‚
1168 2399 1429 2488 intermedio
1462 2398 1655 2510 longiore
1685 2427 1967 2515 compresso,

689 2545 946 2630 lateralibus
964 2543 1244 2630 brevioribus
1261 2540 1491 2656 depressis.

801 2683 1047 2798 Descriptio
1066 2681 1267 2798 specifica
1285 2683 1426 2772 &stt
1446 2683 1563 2798 inst.
1578 2713 1645 2800 gr.
1664 2685 1857 2808 optima3
1884 2688 1970 2777 mi-

689 2853 771 2912 nus
806 2823 1130 2928 accomodatae,
1153 2851 1265 2938 quae
1292 2854 1318 2910 a
1338 2828 1402 2911 R.
1417 2826 1464 2912 S.
1485 2844 1529 2912 et
1551 2826 1650 2942 Spr.
1679 2823 1783 2912 huic
1810 2828 1968 2943 speciei

692 2967 944 3054 tribuuntur
959 2998 973 3074 3
993 2993 1097 3051 nam
1114 2993 1198 3050 noc
1216 2966 1352 3052 caulis
1371 2968 1539 3052 lanatus
1553 3031 1566 3070 ,
1581 2969 1646 3054 uti
1658 2972 1818 3054 asserit
1836 2971 1934 3082 Spr.
1953 3035 1966 3073 ,

687 3139 768 3196 nec
788 3110 959 3222 calyces
979 3102 1133 3196 reflexi
1152 3105 1258 3192 huic
1276 3125 1447 3194 tannim
1473 3110 1631 3222 speciei
1649 3111 1827 3224 proprii.

802 3251 849 3338 S.
861 3251 1042 3338 Rusoni
1056 3313 1069 3354 ,
1091 3250 1198 3336 Ten.
1219 3249 1276 3362 fl
1296 3277 1488 3367 mppr.
1506 3277 1610 3368 app.
1627 3267 1676 3350 4.
1690 3281 1740 3367 p.
1764 3279 1796 3337 t.
1812 3253 1867 3338 ab
1887 3250 1968 3336 hae

691 3389 833 3506 specie
862 3391 1010 3480 forsan
1040 3421 1125 3479 non
1145 3391 1314 3500 differt;
1336 3413 1379 3478 et
1401 3392 1449 3478 S.
1470 3395 1768 3498 Hominum,
1790 3395 1967 3510 Linop.

637 3645 641 3652 Ι
684 3532 842 3646 pleds.
856 3563 956 3619 cum
968 3537 1015 3624 S.
1026 3534 1164 3621 viridi
1181 3539 1426 3648 promiscue
1440 3536 1724 3648 proveniens,
1740 3535 1967 3651 quamplu-

696 3676 818 3762 rimis
851 3673 1016 3761 collatis
1036 3674 1357 3788 exemplaribus
1376 3705 1463 3762 non
1483 3677 1658 3765 videtur
1675 3675 1855 3766 diversa
1887 3679 1968 3762 nisi

694 3815 881 3902 bracteis
909 3816 1201 3930 superioribus
1229 3817 1468 3926 sterilibus,
1499 3819 1720 3923 coloratis,
1759 3823 1969 3933 inappen-

533 4067 539 4074 ἢ
695 3956 919 4080 diculatis‚
939 3958 1006 4044 uti
1026 3958 1117 4070 jam
1135 3945 1304 4046 monuit
1330 3960 1489 4047 Smilla
1512 3959 1542 4046 L
1567 3993 1637 4077 αὶ
1662 3959 1848 4076 ideoque
1876 3977 1970 4046 tan·

695 4125 834 4212 quam¹
849 4099 982 4212 hujus
994 4102 1313 4188 varietas-esset
1330 4101 1666 4214 habendasicut
1687 4106 1819 4191 etiam
1833 4101 1969 4214 Dess.

695 4238 856 4351 aliique
878 4257 1105 4354 putarunt,
1123 4243 1199 4328 sed
1217 4244 1392 4330 cultura
1411 4277 1494 4332 non
1526 4266 1733 4333 mutatur.
2034 4248 2039 4260 '
