4516 5736
1569 509 1657 615 '143

317 732 323 744 ·
425 673 507 760 bus
532 670 815 786 cylindricis,
835 669 991 787 petalis
1019 673 1258 764 linearibus
1277 679 1398 794 apice
1432 682 1710 767 subrecnrvis

425 813 608 902 stamina
648 811 860 928 simplicia
894 815 1025 930 duplo
1065 821 1406 933 superantibus,
1447 821 1711 934 germinibus

424 955 719 1046 subrotundis.
759 959 863 1044 Ten.
880 959 938 1069 fL
967 987 1072 1076 nep.
1108 985 1141 1043 ι.
1161 991 1213 1075 p.
1249 961 1342 1048 165.

532 1102 592 1189 Ic.
628 1103 737 1188 Ten.
770 1100 798 1187 l.
830 1133 867 1188 c.
897 1115 927 1186 t.
959 1101 1028 1188 30.

536 1246 588 1330 In
609 1242 790 1330 collibus
810 1242 944 1330 aridis
968 1244 1177 1331 calcareis
1191 1245 1433 1358 Peucetiae,
1454 1248 1708 1366 Metropoli,

424 1387 691 1502 Pelignano.
1189 1385 1195 1394 ’

537 1531 686 1645 Majo,
716 1529 857 1616 lunio.
886 1539 926 1638 ²l

535 1673 605 1758 Ab
619 1675 701 1777 A„
722 1667 947 1788 capillati)
962 1670 1185 1760 merchato
1204 1673 1276 1760 vel
1290 1687 1475 1781 setaceo,
1492 1705 1590 1762 cum
1611 1677 1707 1793 qni-

427 1815 511 1901 bns
539 1841 564 1901 a
597 1811 661 1906 Cl.
696 1817 795 1930 Spr.
829 1816 876 1899 in
908 1845 942 1899 s.
972 1844 1063 1928 veg.
1094 1847 1133 1901 2.
1153 1843 1205 1930 p.
1226 1835 1330 1918 40¹.
1360 1819 1631 1926 associatur,
1658 1849 1709 1904 ο-

426 1960 576 2044 mnino
598 1953 832 2066 diversum,
854 1975 1009 2042 utnon
1031 1956 1172 2043 solnm
1195 1989 1250 2045 ex
1273 1959 1467 2047 iconibus
1487 1959 1710 2047 sedetiam

426 2131 483 2188 ex
513 2099 821 2216 speciminibus
842 2099 1098 2214 Hungaricis
1119 2101 1345 2188 exsiccatis
1365 2123 1507 2217 patet3
1529 2097 1638 2186 nam
1660 2102 1707 2185 in

328 2298 332 2306 ·
431 2246 499 2332 A.
536 2255 735 2347 secaceo,
766 2239 930 2357 spatha
964 2240 1219 2328 brevissima
1257 2240 1505 2356 quadruplo
1520 2243 1709 2328 circiter

425 2382 684 2498 pedunculis
702 2383 907 2492 brevior3
932 2381 1184 2500 pectunculi
1212 2411 1299 2469 non
1328 2381 1455 2468 effusi
1485 2385 1560 2470 sed
1592 2381 1710 2469 fasti-

429 2525 552 2636 giati,
573 2525 700 2639 pauci
729 2550 816 2609 non
836 2525 1173 2609 numerosissimi
1189 2556 1202 2632 3
1216 2523 1343 2638 folia
1370 2552 1418 2610 re
1447 2552 1552 2612 vera
1580 2525 1711 2614 linca-

427 2670 682 2777 ri-setacca,
713 2695 799 2753 non
832 2665 1070 2770 filiformia‚
1101 2697 1162 2751 ec.
1203 2723 1208 2738 -

316 3044 496 3130 Arnum
526 3067 763 3128 cnrANr.
794 3038 952 3150 Rafin.

512 3359 592 3464 Ἀ.
622 3378 745 3464 caule
773 3374 867 3462 basi
900 3373 1053 3463 foliosa
1081 3375 1257 3488 gracili,
1300 3377 1415 3464 foliis
1435 3377 1711 3469 filiformibus

431 3521 748 3608 semiteretibus
769 3515 1155 3625 subcanaliculatis,
1172 3499 1324 3633 ‘spatha
1341 3520 1535 3605 univalvi
1549 3521 1712 3608 acumi-

436 3682 537 3748 nata
555 3659 808 3775 persistente
823 3659 1065 3771 vaginante,
1086 3658 1276 3744 umbella
1292 3657 1527 3772 pauciflora
1541 3662 1712 3775 pedun-

431 3806 537 3892 culis
566 3801 886 3916 inaequalibus,
907 3799 1087 3889 floribns
1107 3799 1381 3911 cylindricis,
1403 3801 1557 3914 petalis
1579 3802 1711 3888 linea-

429 3947 551 4034 ribus
581 3943 703 4059 apice
725 3943 1005 4033 ·snbrecurvis
1032 3940 1217 4028 stamina
1238 3940 1450 4055 simplicia
1478 3942 1608 4058 duplo
1637 3975 1712 4032 su·
1788 4025 1791 4032 .

430 4088 706 4204 parantibus,
741 4086 1007 4202 germinibus
1039 4082 1331 4172 subrotnndis.

319 4345 322 4350 Ι
544 4233 602 4316 Ιο.
632 4231 757 4342 Moly
790 4231 985 4346 alpinum
1004 4228 1179 4337 minus,
1210 4224 1443 4340 capillaceo
1470 4225 1595 4336 folio,
1632 4227 1711 4314 flo-

431 4373 549 4462 ribus
578 4401 795 4492 purpnreo
809 4374 992 4463 -rubris
1027 4375 1139 4490 Cup
1164 4369 1341 4488 panpb.
1373 4371 1450 4458 sic.
1480 4401 1520 4458 s.
1547 4386 1577 4458 t.
1614 4401 1706 4460 θοι.

544 4520 596 4603 Α.
629 4536 884 4610 montanum
911 4515 1141 4631 capillaceo
1171 4514 1289 4603 folio.
1313 4519 1432 4604 Bon.
1459 4529 1487 4623 t,
1523 4515 1591 4602 60.

443 4773 447 4778 Ι
544 4661 596 4746 Iri
627 4661 791 4777 asperis
817 4661 1025 4749 montosis
1053 4660 1255 4748 calcareis
1282 4659 1455 4776 Aprutii
1482 4659 1711 4748 meridiem
