4516 5736
436 581 527 685 sis,
557 579 869 694 integerrimis,
901 581 1030 668 dorso
1050 582 1272 688 carinatis,
1303 581 1420 670 intus
1439 582 1608 698 planis,
1640 588 1722 674 sub
1786 621 1789 628 ·

432 721 607 834 ,anthesi
635 725 713 810 vix
739 726 851 812 alin.
876 725 1026 839 longis,
1053 727 1219 833 1-latis,
1242 729 1288 814 iu
1316 727 1464 845 fructu
1492 728 1717 842 elongatis,
1738 787 1751 804 =

434 861 511 950 5-6
541 865 617 953 lin.
638 864 802 981 longis,
836 895 854 952 1
889 895 904 978 ξ
940 868 996 953 ad
1025 869 1202 972 elatis,
1234 868 1309 955 sed
1340 897 1425 954 non
1445 869 1506 956 ita
1527 870 1718 960 dilatatis

431 1027 473 1094 et
494 1010 709 1124 ampliatis
729 1030 778 1094 ut
796 1012 842 1096 in
863 1013 920 1096 Ε.
932 1011 1190 1126 persistero·
1218 1009 1417 1099 corollae
1437 1030 1613 1121 tenues,
1635 1015 1714 1102 vix

436 1180 459 1236 n
487 1151 550 1241 lin
577 1151 757 1268 longae,
787 1151 931 1265 quoad
959 1152 1146 1238 formam
1174 1157 1230 1240 Ε.
1250 1153 1497 1269 parvifloro
1530 1157 1717 1267 similes,

431 1294 509 1384 seri
530 1299 696 1383 intense
725 1294 944 1381 violaceas
980 1313 1023 1380 et
1057 1275 1151 1381 basi
1180 1294 1377 1403 albidae,
1408 1297 1605 1410 glabrae,
1638 1303 1713 1383 ex'-
1745 1285 1751 1302 ”

428 1455 551 1522 terne
581 1417 892 1552 pubescentes,
930 1437 1008 1524 vix
1045 1423 1159 1524 linea
1188 1437 1388 1550 calycem
1423 1437 1713 1547 excedentes,

426 1577 535 1665 lo'bis
556 1579 723 1667 duobus
745 1578 1039 1694 superioribus
1057 1580 1315 1687 rotundatis,
1331 1580 1499 1686 minute
1519 1580 1713 1667 denticu-

427 1721 751 1809 latisStamina
771 1719 955 1831 inclusa3
963 1708 1220 1838 filamentia
1241 1700 1366 1831 albis,
1386 1723 1714 1835 rectis,glabris;

430 1864 631 1951 antherio
650 1863 932 1980 pallidissime
956 1865 1362 1956 coerulescentibus.
1392 1865 1632 1955 Pistillam
1653 1866 1717 1951 in-

369 2111 372 2122 ,
412 2007 626 2116 clusum,
648 2005 903 2093 staminibus
924 2007 1127 2121 aequale,
1148 2008 1315 2097 hirtum
1334 2009 1433 2124 pilis
1451 2007 1607 2096 albidis
1626 2035 1716 2095 sur-
1806 2021 1818 2044 ¹
1856 2023 1863 2032 “

430 2179 525 2236 sum
546 2149 773 2263 adpressis,
795 2148 917 2264 apice
939 2149 1303 2262 glabriusculum3
1325 2150 1529 2264 stigmate
1549 2147 1709 2262 glabro,

425 2291 560 2379 bifido
590 2291 780 2382 Semina
810 2297 1017 2404 (nuces)
1048 2295 1401 2400 cordato-ovata,
1432 2291 1710 2405 subtrigona,

430 2437 703 2542 acuminata,
733 2433 929 2522 verrucis
958 2429 1126 2523 callosis
1155 2464 1317 2549 aspera.
1643 2439 1646 2444 ’

538 2580 622 2667 Pro
650 2583 707 2668 Ε.
730 2577 900 2696 ciffum
920 2577 1087 2682 Siara,
1117 2577 1252 2662 habui
1271 2595 1314 2664 et
1336 2574 1413 2661 sub
1432 2574 1519 2660 hoc
1536 2573 1711 2660 nomine

425 2721 589 2808 semina
619 2711 780 2836 exteris
809 2717 1027 2809 Botanicis
1057 2715 1359 2827 comunicavi,
1403 2715 1478 2803 sed
1519 2715 1728 2831 inspecta,

424 2866 548 2950 icone
577 2863 653 2951 Fl.
673 2866 753 2952 Gr.
768 2929 781 2970 ,
802 2881 845 2948 et
876 2862 1112 2978 specimina
1141 2859 1303 2948 cretica
1332 2861 1547 2946 exsiccata
1569 2885 1595 2942 a
1616 2857 1711 2946 Sie-
1775 2930 1778 2936 ,

351 3081 353 3086 ,
426 3006 525 3093 baro
553 3008 710 3110 missa,
732 3004 985 3090 distinctam
1004 3031 1093 3089 esse
1116 3004 1305 3116 speciem
1328 2999 1531 3115 cognovi,
1555 3025 1711 3113 quarn·

341 3139 347 3146 ’
426 3146 494 3232 vis
523 3145 626 3230 satis
644 3143 859 3259 proxima.
891 3145 1036 3230 Etiam
1061 3147 1120 3230 E.
1148 3145 1274 3230 tenui
1299 3143 1453 3247 affine,
1484 3139 1560 3228 sed
1593 3137 1712 3228 indi·

430 3285 887 3376 catiseharaeteribus
916 3283 1150 3372 diversum.

314 3576 643 3672 Corvonvunus
673 3557 893 3658 sarsum(
910 3567 1019 3658 Lin.

534 3861 583 3948 C.
606 3861 729 3946 caule
750 3860 960 3968 volubili,
988 3858 1104 3947 foliis
1135 3851 1570 3967 oblongo-sagittatis,
1592 3851 1708 3936 auri·
1835 3897 1837 3902 ,

425 4001 532 4088 culis
567 3998 863 4107 distantibus,
909 4000 1167 4117 pedunculis
1203 3994 1398 4084 unilloris
1435 3995 1705 4104 tetragonis,

419 4140 602 4228 bracteis
630 4143 780 4254 calyce
809 4141 1071 4254 longioribus
1094 4136 1298 4226 carinatis
1317 4134 1456 4250 planis
1476 4132 1704 4248 adpressis,

414 4284 626 4372 lateribus
644 4283 869 4399 parallelis
901 4282 1091 4400 invicem
1120 4277 1390 4367 distantibus.
1432 4259 1540 4364 Linss
1556 4304 1622 4391 sp.
1633 4273 1704 4390 pl.

425 4425 527 4510 218.
551 4429 631 4515 W
626 4425 689 4513 ill.
707 4456 771 4542 sp.
784 4423 974 4544 pipat.
991 4455 1043 4541 p.
1067 4423 1198 4527 844,
1234 4439 1275 4506 et
1298 4449 1367 4506 en.
1383 4419 1449 4506 H.
1467 4419 1575 4508 Ber.
1606 4443 1640 4503 r.
1655 4449 1705 4532 p.

269 4695 272 4702 Ι
419 4599 518 4657 202.
549 4569 709 4660 Sarda.
725 4567 781 4682 fl.
804 4569 901 4656 brit.
927 4596 963 4653 r.
982 4595 1034 4683 p.
1065 4565 1167 4654 233.
1198 4566 1332 4654 Lam.
1355 4561 1460 4652 dict.
1485 4589 1577 4650 ene.
1599 4560 1640 4651 3.
1652 4589 1705 4674 p.

1288 4732 1336 4790 ra
