4540 5736
1673 547 1685 597 Ι

475 679 547 744 tus
574 676 721 744 tamen
750 660 810 744 ita
830 643 1031 744 diversus
1045 724 1058 768 ,
1072 770 1075 776 Ι
1088 677 1138 746 ut
1151 659 1290 746 ‘etiam
1312 689 1336 746 e
1355 655 1588 770 longinquo
1608 651 1753 762 digno-
1795 664 1804 687 ²

476 819 621 886 scatur
649 801 867 888 facillime.
896 800 1079 889 Cultura
1107 830 1193 887 non
1222 818 1431 902 mutatur.
1496 787 1501 794 ’

361 1093 643 1180 Putemcnna
678 1117 1058 1180 efflnnrnnonA.
1086 1093 1223 1178 Lam.

587 1380 633 1462 P.
673 1381 873 1482 nectario
910 1378 1111 1464 eubulato
1147 1395 1267 1506 recto
1301 1378 1569 1493 longitudine
1605 1381 1722 1468 floris
1741 1447 1782 1498 ,⁶

474 1521 668 1632 germine
689 1521 947 1609 staminibus
966 1520 1391 1638 superincumbenti,
1409 1523 1580 1638 capsula
1595 1525 1755 1610 conica.
1884 1525 1885 1532 ‘

383 1717 387 1724 ·
473 1666 610 1750 Lam.
629 1663 737 1762 *dict
758 1647 851 1752 cuc.
877 1663 919 1750 3.
936 1693 990 1779 p.
1006 1691 1078 1748 22.
1094 1667 1224 1750 Pers.
1248 1694 1344 1778 eyn.
1372 1692 1405 1748 a.
1424 1694 1478 1780 Ρ.
1505 1693 1565 1781 ¹7·
1588 1667 1755 1755 Bertcl.

478 1832 647 1892 amoen.
664 1803 759 1890 ital.
772 1837 824 1922 Ρ.
841 1805 945 1890 325.
967 1803 1145 1894 Pollini
1160 1805 1217 1918 fl.
1236 1835 1326 1893 ver.
1351 1835 1384 1894 a.
1397 1837 1448 1922 p.
1471 1821 1550 1905 24.
1573 1811 1636 1894 R.
1657 1809 1702 1896 S.
1723 1841 1756 1893 e.

474 1973 567 2060 seg.
590 1975 624 2032 ι.
635 1977 689 2063 Ρ.
717 1946 814 2062 189.
837 1948 938 2062 Spr.
960 1977 995 2031 s.
1025 1975 1116 2060 aeg.
1152 1973 1186 2032 a.
1205 1977 1259 2062 Ρ.
1290 1949 1371 2049 48.
1638 1925 1641 1934 ’
1902 1937 1930 1968 ”

591 2091 651 2175 Ic.
681 2093 818 2194 Iam.
847 2087 912 2174 ill.
938 2118 1038 2204 gen.
1069 2101 1099 2172 t.
1134 2105 1205 2189 ¹4·
1219 2087 1268 2202 f.
1301 2118 1342 2174 2.

592 2229 664 2317 Ad
691 2228 868 2340 frigidae
887 2231 1200 2344 umbrosaeque
1230 2230 1512 2340 scaturigines
1544 2235 1761 2318 montium

471 2373 675 2489 Aprutii3
741 2359 945 2488 Majeltz
988 2373 1067 2458 nel
1105 2370 1281 2459 vallone
1327 2369 1377 2456 dt
1424 2375 1471 2462 S.
1501 2372 1696 2489 Spirito,
1737 2407 1760 2459 e

339 2605 347 2616 κ
477 2513 600 2604 nella
621 2510 755 2602 Valle
775 2513 826 2600 dt
852 2512 1043 2627 offensa
1051 2547 1071 2624 ,·
1093 2516 1258 2602 Monte
1283 2515 1426 2603 Coma
1446 2493 1578 2626 sopra
1598 2516 1761 2602 Pietra
1814 2609 1819 2614 ,

480 2659 679 2746 Gamelc'.
1248 2663 1250 2666 ’
1491 2673 1498 2685 ·
1918 2663 1921 2671 '

588 2799 728 2906 lulio,
760 2803 1038 2910 Auguetmf

588 2939 744 3028 Variat
757 2940 905 3055 planta
919 2936 1439 3056 baecfoliis1-epollicae
1458 2937 1609 3052 longie3
1625 2969 1762 3057 scapo

474 3083 622 3194 glabro
644 3147 657 3188 ‚
687 3080 759 3168 vel
778 3082 949 3196 apicem
967 3107 1119 3168 versus
1138 3081 1435 3198 pubescente,
1459 3083 1658 3169 nectario
1687 3107 1760 3167 cc-·

476 3223 585 3313 rolla
611 3224 815 3311 breviori·
833 3224 904 3311 vel
923 3223 1125 3340 aequali,
1155 3244 1200 3310 at
1220 3251 1391 3338 semper
1410 3241 1532 3311 recto
1552 3253 1603 3312 ac
1632 3224 1761 3312 eubu-

475 3369 588 3475 lat03
617 3367 773 3456 lacinia
802 3366 1062 3456 intermedia
1097 3367 1210 3455 labii
1238 3366 1467 3481 inferioris
1496 3367 1662 3482 integra
1691 3367 1761 3452 vel

477 3511 742 3626 quandoque
763 3509 1056 3625 emarginata3
1071 3509 1189 3598 labio
1210 3491 1434 3628 superiore
1453 3523 1504 3594 ut
1522 3507 1763 3624 plurimum

477 3651 645 3756 bilobo,
674 3681 762 3739 non
788 3680 896 3740 vero
926 3650 1205 3766 emarginato.
1235 3651 1484 3769 Descriptio
1514 3652 1582 3740 cl.
1604 3654 1762 3741 Berm-

478 3795 588 3880 Ionii
616 3796 790 3910 optima.
827 3797 895 3882 An
921 3797 968 3886 P.
988 3793 1236 3910 longifoglia
1255 3795 1372 3884 Dec.
1407 3793 1541 3907 hujus
1574 3795 1762 3880 varietas

482 3937 537 4022 ob
564 3937 820 4024 mutabilem
840 3932 1044 4024 loliorum
1064 3933 1405 4051 longitudinem?
1426 3935 1572 4022 Etiam
1603 3939 1650 4021 P.
1676 3935 1764 4021 bir-

443 4103 447 4110 ·
481 4075 623 4164 tiflcra
647 4079 756 4166 Ten.
776 4081 834 4194 fl.
849 4109 954 4196 unp.
985 4079 1026 4168 3.
1043 4107 1093 4197 p.
1127 4081 1193 4168 18.
1213 4076 1316 4164 huic
1343 4078 1565 4192 proxima,
1590 4077 1667 4164 sed
1695 4108 1763 4162 co-

484 4219 614 4306 rollae
643 4220 747 4308 labii
777 4222 991 4309 inferioris
1021 4221 1194 4309 laciniis
1230 4220 1433 4306 omnibus
1474 4222 1762 4330 emarginato-

482 4362 639 4450 bilcbie
656 4365 728 4451 vel
754 4364 994 4482 bipartitis,
1023 4380 1072 4466 et
1094 4361 1218 4450 fauce
1245 4359 1396 4448 uillosa
1426 4359 1639 4448 distincta.
