<?xml version="1.0" encoding="UTF-8"?>
<!DOCTYPE html PUBLIC "-//W3C//DTD XHTML 1.0 Transitional//EN"
    "http://www.w3.org/TR/xhtml1/DTD/xhtml1-transitional.dtd">
<html xmlns="http://www.w3.org/1999/xhtml" xml:lang="en" lang="en">
 <head>
  <title>
</title>
<meta http-equiv="Content-Type" content="text/html;charset=utf-8" />
  <meta name='ocr-system' content='tesseract 3.04.00' />
  <meta name='ocr-capabilities' content='ocr_page ocr_carea ocr_par ocr_line ocrx_word'/>
</head>
<body>
  <div class='ocr_page' id='page_1' title='image "./plantaerariores01gussgoog_0302.png"; bbox 0 0 4530 5736; ppageno 0'>
   <div class='ocr_carea' id='block_1_1' title="bbox 398 537 1692 1504">
    <p class='ocr_par' dir='ltr' id='par_1_1' title="bbox 398 537 1692 1504">
     <span class='ocr_line' id='line_1_1' title="bbox 1552 537 1628 622; baseline 0.079 -32"><span class='ocrx_word' id='word_1_1' title='bbox 1552 537 1628 622; x_wconf 79' lang='lat'>291</span> 
     </span>
     <span class='ocr_line' id='line_1_2' title="bbox 400 671 1689 797; baseline 0.002 -31"><span class='ocrx_word' id='word_1_2' title='bbox 400 679 550 793; x_wconf 78' lang='lat' dir='ltr'>dioga.</span> <span class='ocrx_word' id='word_1_3' title='bbox 584 703 702 792; x_wconf 83' lang='lat' dir='ltr'>spec.</span> <span class='ocrx_word' id='word_1_4' title='bbox 725 704 825 762; x_wconf 79' lang='lat' dir='ltr'>nov.</span> <span class='ocrx_word' id='word_1_5' title='bbox 845 703 898 790; x_wconf 82' lang='lat' dir='ltr'>p.</span> <span class='ocrx_word' id='word_1_6' title='bbox 923 673 986 761; x_wconf 71' lang='lat'>13.</span> <span class='ocrx_word' id='word_1_7' title='bbox 1009 671 1227 790; x_wconf 85' lang='lat' dir='ltr'><strong>Equidem</strong></span> <span class='ocrx_word' id='word_1_8' title='bbox 1257 673 1303 756; x_wconf 89' lang='lat' dir='ltr'>iu</span> <span class='ocrx_word' id='word_1_9' title='bbox 1331 679 1383 764; x_wconf 86' lang='lat' dir='ltr'>O.</span> <span class='ocrx_word' id='word_1_10' title='bbox 1405 680 1689 797; x_wconf 77' lang='lat' dir='ltr'>monophyllo</span> 
     </span>
     <span class='ocr_line' id='line_1_3' title="bbox 399 817 1692 933; baseline 0.002 -27"><span class='ocrx_word' id='word_1_11' title='bbox 399 820 504 908; x_wconf 85' lang='lat' dir='ltr'>folia</span> <span class='ocrx_word' id='word_1_12' title='bbox 533 836 632 906; x_wconf 91' lang='lat' dir='ltr'>sunt</span> <span class='ocrx_word' id='word_1_13' title='bbox 651 819 744 908; x_wconf 89' lang='lat' dir='ltr'>basi</span> <span class='ocrx_word' id='word_1_14' title='bbox 764 835 1014 931; x_wconf 85' lang='lat' dir='ltr'>angustata,</span> <span class='ocrx_word' id='word_1_15' title='bbox 1046 817 1182 904; x_wconf 90' lang='lat' dir='ltr'>caulis</span> <span class='ocrx_word' id='word_1_16' title='bbox 1197 846 1383 933; x_wconf 84' lang='lat' dir='ltr'>superne</span> <span class='ocrx_word' id='word_1_17' title='bbox 1399 820 1524 908; x_wconf 85' lang='lat' dir='ltr'>valde</span> <span class='ocrx_word' id='word_1_18' title='bbox 1551 852 1692 908; x_wconf 89' lang='lat' dir='ltr'>ramo-</span> 
     </span>
     <span class='ocr_line' id='line_1_4' title="bbox 402 945 1690 1076; baseline 0.001 -26"><span class='ocrx_word' id='word_1_19' title='bbox 402 945 499 1071; x_wconf 83' lang='lat' dir='ltr'>sus,</span> <span class='ocrx_word' id='word_1_20' title='bbox 528 958 657 1050; x_wconf 87' lang='lat' dir='ltr'>flores</span> <span class='ocrx_word' id='word_1_21' title='bbox 690 959 906 1066; x_wconf 77' lang='lat' dir='ltr'>laxiores,</span> <span class='ocrx_word' id='word_1_22' title='bbox 940 959 1128 1047; x_wconf 88' lang='lat' dir='ltr'>corollae</span> <span class='ocrx_word' id='word_1_23' title='bbox 1156 959 1298 1073; x_wconf 84' lang='lat' dir='ltr'>calyci</span> <span class='ocrx_word' id='word_1_24' title='bbox 1325 963 1690 1076; x_wconf 87' lang='lat' dir='ltr'>aequales;·dum</span> 
     </span>
     <span class='ocr_line' id='line_1_5' title="bbox 398 1100 1685 1228; baseline 0 -38"><span class='ocrx_word' id='word_1_25' title='bbox 398 1106 445 1190; x_wconf 91' lang='lat' dir='ltr'>in</span> <span class='ocrx_word' id='word_1_26' title='bbox 480 1106 531 1192; x_wconf 91' lang='lat'>0.</span> <span class='ocrx_word' id='word_1_27' title='bbox 552 1100 859 1217; x_wconf 78' lang='lat' dir='ltr'>olopeeomide</span> <span class='ocrx_word' id='word_1_28' title='bbox 899 1101 1002 1190; x_wconf 85' lang='lat' dir='ltr'>folia</span> <span class='ocrx_word' id='word_1_29' title='bbox 1042 1120 1143 1190; x_wconf 89' lang='lat' dir='ltr'>sunt</span> <span class='ocrx_word' id='word_1_30' title='bbox 1171 1130 1342 1216; x_wconf 83' lang='lat' dir='ltr'>semper</span> <span class='ocrx_word' id='word_1_31' title='bbox 1363 1105 1454 1190; x_wconf 90' lang='lat' dir='ltr'>basi</span> <span class='ocrx_word' id='word_1_32' title='bbox 1487 1107 1685 1228; x_wconf 79' lang='lat' dir='ltr'>cordata,</span> 
     </span>
     <span class='ocr_line' id='line_1_6' title="bbox 400 1239 1688 1351; baseline 0.002 -19"><span class='ocrx_word' id='word_1_33' title='bbox 400 1245 536 1332; x_wconf 88' lang='lat' dir='ltr'>caulis</span> <span class='ocrx_word' id='word_1_34' title='bbox 564 1273 590 1331; x_wconf 90' lang='lat' dir='ltr'>a</span> <span class='ocrx_word' id='word_1_35' title='bbox 616 1245 710 1332; x_wconf 90' lang='lat' dir='ltr'>basi</span> <span class='ocrx_word' id='word_1_36' title='bbox 732 1244 789 1336; x_wconf 89' lang='lat' dir='ltr'>ad</span> <span class='ocrx_word' id='word_1_37' title='bbox 813 1242 1011 1332; x_wconf 88' lang='lat' dir='ltr'>medium</span> <span class='ocrx_word' id='word_1_38' title='bbox 1040 1271 1271 1351; x_wconf 87' lang='lat' dir='ltr'>ramosus,</span> <span class='ocrx_word' id='word_1_39' title='bbox 1308 1239 1434 1330; x_wconf 89' lang='lat' dir='ltr'>flores</span> <span class='ocrx_word' id='word_1_40' title='bbox 1467 1247 1688 1334; x_wconf 85' lang='lat' dir='ltr'>confertis-</span> 
     </span>
     <span class='ocr_line' id='line_1_7' title="bbox 399 1387 1338 1504; baseline 0 -28"><span class='ocrx_word' id='word_1_41' title='bbox 399 1390 522 1498; x_wconf 84' lang='lat' dir='ltr'>simi,</span> <span class='ocrx_word' id='word_1_42' title='bbox 548 1390 734 1478; x_wconf 87' lang='lat' dir='ltr'>corollae</span> <span class='ocrx_word' id='word_1_43' title='bbox 764 1391 914 1504; x_wconf 80' lang='lat' dir='ltr'>calyce</span> <span class='ocrx_word' id='word_1_44' title='bbox 945 1387 1077 1503; x_wconf 89' lang='lat' dir='ltr'>duplo</span> <span class='ocrx_word' id='word_1_45' title='bbox 1103 1389 1338 1480; x_wconf 88' lang='lat' dir='ltr'>breviores.</span> 
     </span>
    </p>
   </div>
   <div class='ocr_carea' id='block_1_2' title="bbox 274 1651 1006 1770">
    <p class='ocr_par' dir='ltr' id='par_1_2' title="bbox 274 1651 1006 1770">
     <span class='ocr_line' id='line_1_8' title="bbox 274 1651 1006 1770; baseline -0.011 -6"><span class='ocrx_word' id='word_1_46' title='bbox 274 1651 854 1770; x_wconf 70' lang='lat' dir='ltr'>.Orrou1srorrsronrrr1.</span> <span class='ocrx_word' id='word_1_47' title='bbox 887 1672 1006 1762; x_wconf 80' lang='lat' dir='ltr'>Nob.</span> 
     </span>
    </p>
   </div>
   <div class='ocr_carea' id='block_1_3' title="bbox 381 1945 1757 4624">
    <p class='ocr_par' dir='ltr' id='par_1_3' title="bbox 395 1945 1691 2926">
     <span class='ocr_line' id='line_1_9' title="bbox 509 1945 1681 2077; baseline -0.008 -25"><span class='ocrx_word' id='word_1_48' title='bbox 509 1962 564 2052; x_wconf 89' lang='lat'>0.</span> <span class='ocrx_word' id='word_1_49' title='bbox 595 1960 1133 2077; x_wconf 84' lang='lat' dir='ltr'>subvisooso-pubescens,</span> <span class='ocrx_word' id='word_1_50' title='bbox 1155 1945 1271 2048; x_wconf 82' lang='lat' dir='ltr'>foliis</span> <span class='ocrx_word' id='word_1_51' title='bbox 1290 1957 1571 2048; x_wconf 88' lang='lat' dir='ltr'>inferioribus</span> <span class='ocrx_word' id='word_1_52' title='bbox 1592 1979 1681 2045; x_wconf 88' lang='lat' dir='ltr'>ter-</span> 
     </span>
     <span class='ocr_line' id='line_1_10' title="bbox 401 2099 1691 2228; baseline -0.002 -41"><span class='ocrx_word' id='word_1_53' title='bbox 401 2102 512 2187; x_wconf 90' lang='lat' dir='ltr'>natis</span> <span class='ocrx_word' id='word_1_54' title='bbox 534 2100 833 2218; x_wconf 89' lang='lat' dir='ltr'>superioribus</span> <span class='ocrx_word' id='word_1_55' title='bbox 859 2101 1160 2216; x_wconf 85' lang='lat' dir='ltr'>simplicibus,</span> <span class='ocrx_word' id='word_1_56' title='bbox 1199 2099 1359 2190; x_wconf 78' lang='lat' dir='ltr'>foliolis</span> <span class='ocrx_word' id='word_1_57' title='bbox 1389 2100 1691 2228; x_wconf 54' lang='lat' dir='ltr'>elliptioofob·</span> 
     </span>
     <span class='ocr_line' id='line_1_11' title="bbox 399 2239 1681 2357; baseline -0.003 -28"><span class='ocrx_word' id='word_1_58' title='bbox 399 2244 539 2357; x_wconf 83' lang='lat' dir='ltr'>longis</span> <span class='ocrx_word' id='word_1_59' title='bbox 579 2272 605 2331; x_wconf 82' lang='lat' dir='ltr'>a</span> <span class='ocrx_word' id='word_1_60' title='bbox 652 2241 799 2330; x_wconf 91' lang='lat' dir='ltr'>medio</span> <span class='ocrx_word' id='word_1_61' title='bbox 835 2239 890 2350; x_wconf 82' lang='lat' dir='ltr'>ad</span> <span class='ocrx_word' id='word_1_62' title='bbox 930 2241 1098 2356; x_wconf 80' lang='lat' dir='ltr'>apicem</span> <span class='ocrx_word' id='word_1_63' title='bbox 1132 2240 1385 2347; x_wconf 87' lang='lat' dir='ltr'>serrulatis,</span> <span class='ocrx_word' id='word_1_64' title='bbox 1427 2240 1681 2356; x_wconf 74' lang='lat' dir='ltr'>pedunculis</span> 
     </span>
     <span class='ocr_line' id='line_1_12' title="bbox 398 2382 1680 2497; baseline -0.004 -25"><span class='ocrx_word' id='word_1_65' title='bbox 398 2383 591 2472; x_wconf 88' lang='lat' dir='ltr'>unifloris</span> <span class='ocrx_word' id='word_1_66' title='bbox 610 2385 785 2471; x_wconf 89' lang='lat' dir='ltr'>mutiois</span> <span class='ocrx_word' id='word_1_67' title='bbox 810 2384 1085 2497; x_wconf 87' lang='lat' dir='ltr'>aristatisque</span> <span class='ocrx_word' id='word_1_68' title='bbox 1108 2383 1212 2472; x_wconf 86' lang='lat' dir='ltr'>folia</span> <span class='ocrx_word' id='word_1_69' title='bbox 1237 2382 1415 2469; x_wconf 91' lang='lat' dir='ltr'>demum</span> <span class='ocrx_word' id='word_1_70' title='bbox 1436 2383 1680 2473; x_wconf 83' lang='lat' dir='ltr'>excedenti-</span> 
     </span>
     <span class='ocr_line' id='line_1_13' title="bbox 395 2526 1683 2642; baseline -0.003 -28"><span class='ocrx_word' id='word_1_71' title='bbox 395 2530 503 2634; x_wconf 84' lang='lat' dir='ltr'>bus,</span> <span class='ocrx_word' id='word_1_72' title='bbox 526 2529 745 2642; x_wconf 87' lang='lat' dir='ltr'>oalyoibus</span> <span class='ocrx_word' id='word_1_73' title='bbox 771 2530 968 2617; x_wconf 81' lang='lat' dir='ltr'>nervosis</span> <span class='ocrx_word' id='word_1_74' title='bbox 988 2527 1173 2614; x_wconf 84' lang='lat' dir='ltr'>corollae</span> <span class='ocrx_word' id='word_1_75' title='bbox 1204 2526 1487 2640; x_wconf 86' lang='lat' dir='ltr'>aequilongis,</span> <span class='ocrx_word' id='word_1_76' title='bbox 1508 2528 1683 2637; x_wconf 86' lang='lat' dir='ltr'>legumi-</span> 
     </span>
     <span class='ocr_line' id='line_1_14' title="bbox 396 2663 1678 2786; baseline -0.004 -30"><span class='ocrx_word' id='word_1_77' title='bbox 396 2663 525 2756; x_wconf 87' lang='lat' dir='ltr'>nibus</span> <span class='ocrx_word' id='word_1_78' title='bbox 544 2671 747 2785; x_wconf 88' lang='lat' dir='ltr'>pendulis</span> <span class='ocrx_word' id='word_1_79' title='bbox 779 2668 1063 2786; x_wconf 87' lang='lat' dir='ltr'>4-6·spermis</span> <span class='ocrx_word' id='word_1_80' title='bbox 1094 2667 1209 2781; x_wconf 85' lang='lat' dir='ltr'>stylo</span> <span class='ocrx_word' id='word_1_81' title='bbox 1236 2665 1400 2756; x_wconf 84' lang='lat' dir='ltr'>reflexo</span> <span class='ocrx_word' id='word_1_82' title='bbox 1433 2666 1678 2782; x_wconf 80' lang='lat' dir='ltr'>persistenti</span> 
     </span>
     <span class='ocr_line' id='line_1_15' title="bbox 403 2812 1233 2926; baseline -0.005 -28"><span class='ocrx_word' id='word_1_83' title='bbox 403 2813 669 2900; x_wconf 87' lang='lat' dir='ltr'>mucronatis</span> <span class='ocrx_word' id='word_1_84' title='bbox 698 2812 847 2926; x_wconf 79' lang='lat' dir='ltr'>calyce</span> <span class='ocrx_word' id='word_1_85' title='bbox 878 2813 1233 2926; x_wconf 87' lang='lat' dir='ltr'>sublongioribus.</span> 
     </span>
    </p>

    <p class='ocr_par' dir='ltr' id='par_1_4' title="bbox 513 2953 1031 3055">
     <span class='ocr_line' id='line_1_16' title="bbox 513 2953 1031 3055; baseline 0.004 -15"><span class='ocrx_word' id='word_1_86' title='bbox 513 2953 573 3041; x_wconf 88' lang='lat' dir='ltr'>Io.</span> <span class='ocrx_word' id='word_1_87' title='bbox 606 2967 757 3040; x_wconf 76' lang='lat' dir='ltr'>nostro</span> <span class='ocrx_word' id='word_1_88' title='bbox 792 2968 820 3040; x_wconf 86' lang='lat' dir='ltr'>t.</span> <span class='ocrx_word' id='word_1_89' title='bbox 844 2955 923 3055; x_wconf 71' lang='lat'>48.</span> <span class='ocrx_word' id='word_1_90' title='bbox 1028 3035 1031 3042; x_wconf 90' lang='grc'><em>,</em></span> 
     </span>
    </p>

    <p class='ocr_par' dir='ltr' id='par_1_5' title="bbox 395 3092 1679 3608">
     <span class='ocr_line' id='line_1_17' title="bbox 508 3092 1677 3200; baseline -0.002 -21"><span class='ocrx_word' id='word_1_91' title='bbox 508 3092 561 3180; x_wconf 92' lang='lat' dir='ltr'>In</span> <span class='ocrx_word' id='word_1_92' title='bbox 581 3094 760 3182; x_wconf 85' lang='lat' dir='ltr'>collibus</span> <span class='ocrx_word' id='word_1_93' title='bbox 780 3093 938 3200; x_wconf 88' lang='lat' dir='ltr'>aridis,</span> <span class='ocrx_word' id='word_1_94' title='bbox 958 3113 1002 3181; x_wconf 88' lang='lat' dir='ltr'>et</span> <span class='ocrx_word' id='word_1_95' title='bbox 1023 3096 1068 3180; x_wconf 88' lang='lat' dir='ltr'>in</span> <span class='ocrx_word' id='word_1_96' title='bbox 1088 3093 1222 3180; x_wconf 80' lang='lat' dir='ltr'>alveis</span> <span class='ocrx_word' id='word_1_97' title='bbox 1243 3093 1471 3182; x_wconf 85' lang='lat' dir='ltr'>exsiccatis</span> <span class='ocrx_word' id='word_1_98' title='bbox 1491 3092 1677 3180; x_wconf 81' lang='lat' dir='ltr'>arenosis</span> 
     </span>
     <span class='ocr_line' id='line_1_18' title="bbox 396 3233 1679 3344; baseline 0.002 -27"><span class='ocrx_word' id='word_1_99' title='bbox 396 3233 656 3322; x_wconf 88' lang='lat' dir='ltr'>torrentium</span> <span class='ocrx_word' id='word_1_100' title='bbox 674 3234 899 3323; x_wconf 79' lang='lat' dir='ltr'>Calabriae</span> <span class='ocrx_word' id='word_1_101' title='bbox 924 3236 1172 3344; x_wconf 82' lang='lat' dir='ltr'>orientalis,</span> <span class='ocrx_word' id='word_1_102' title='bbox 1200 3236 1537 3340; x_wconf 75' lang='lat' dir='ltr'>Pentadatttlo,</span> <span class='ocrx_word' id='word_1_103' title='bbox 1570 3239 1679 3326; x_wconf 88' lang='lat' dir='ltr'>Me-</span> 
     </span>
     <span class='ocr_line' id='line_1_19' title="bbox 395 3374 1675 3500; baseline 0 -40"><span class='ocrx_word' id='word_1_104' title='bbox 395 3374 503 3482; x_wconf 78' lang='lat' dir='ltr'>lito,</span> <span class='ocrx_word' id='word_1_105' title='bbox 519 3380 793 3487; x_wconf 62' lang='lat' dir='ltr'>Cotoneum</span> <span class='ocrx_word' id='word_1_106' title='bbox 810 3376 1042 3492; x_wconf 78' lang='lat' dir='ltr'>Iapygiae,</span> <span class='ocrx_word' id='word_1_107' title='bbox 1059 3380 1257 3500; x_wconf 74' lang='lat' dir='ltr'>Torento</span> <span class='ocrx_word' id='word_1_108' title='bbox 1265 3443 1281 3486; x_wconf 92' lang='lat'>,</span> <span class='ocrx_word' id='word_1_109' title='bbox 1295 3379 1493 3488; x_wconf 72' lang='lat' dir='ltr'>otmaro,</span> <span class='ocrx_word' id='word_1_110' title='bbox 1513 3381 1675 3481; x_wconf 86' lang='lat' dir='ltr'>Lecce,</span> 
     </span>
     <span class='ocr_line' id='line_1_20' title="bbox 396 3513 682 3608; baseline 0.007 -4"><span class='ocrx_word' id='word_1_111' title='bbox 396 3513 682 3608; x_wconf 50' lang='lat' dir='ltr'>Manduria*</span> 
     </span>
    </p>

    <p class='ocr_par' dir='ltr' id='par_1_6' title="bbox 461 3659 931 3775">
     <span class='ocr_line' id='line_1_21' title="bbox 461 3659 931 3775; baseline 0.002 -28"><span class='ocrx_word' id='word_1_112' title='bbox 461 3707 464 3712; x_wconf 95' lang='lat'>·</span> <span class='ocrx_word' id='word_1_113' title='bbox 505 3659 680 3773; x_wconf 83' lang='lat' dir='ltr'>Aprili,</span> <span class='ocrx_word' id='word_1_114' title='bbox 715 3662 847 3775; x_wconf 82' lang='lat' dir='ltr'>Majo.</span> <span class='ocrx_word' id='word_1_115' title='bbox 879 3671 931 3771; x_wconf 80' lang='grc' dir='ltr'>Θ</span> 
     </span>
    </p>

    <p class='ocr_par' dir='ltr' id='par_1_7' title="bbox 381 3801 1757 4624">
     <span class='ocr_line' id='line_1_22' title="bbox 512 3801 1677 3920; baseline -0.002 -30"><span class='ocrx_word' id='word_1_116' title='bbox 512 3801 689 3892; x_wconf 82' lang='lat' dir='ltr'>Planta</span> <span class='ocrx_word' id='word_1_117' title='bbox 714 3803 918 3914; x_wconf 89' lang='lat' dir='ltr'>inodora,</span> <span class='ocrx_word' id='word_1_118' title='bbox 938 3809 1131 3920; x_wconf 84' lang='lat' dir='ltr'>exceptis</span> <span class='ocrx_word' id='word_1_119' title='bbox 1159 3806 1273 3895; x_wconf 83' lang='lat' dir='ltr'>foliis</span> <span class='ocrx_word' id='word_1_120' title='bbox 1297 3805 1572 3894; x_wconf 87' lang='lat' dir='ltr'>inferioribus</span> <span class='ocrx_word' id='word_1_121' title='bbox 1601 3834 1677 3890; x_wconf 89' lang='lat' dir='ltr'>un-</span> 
     </span>
     <span class='ocr_line' id='line_1_23' title="bbox 398 3941 1677 4062; baseline 0.002 -36"><span class='ocrx_word' id='word_1_122' title='bbox 398 3941 532 4058; x_wconf 89' lang='lat' dir='ltr'>dique</span> <span class='ocrx_word' id='word_1_123' title='bbox 551 3946 792 4058; x_wconf 87' lang='lat' dir='ltr'>pubescens</span> <span class='ocrx_word' id='word_1_124' title='bbox 810 4013 824 4056; x_wconf 93' lang='lat'>,</span> <span class='ocrx_word' id='word_1_125' title='bbox 839 3948 939 4062; x_wconf 88' lang='lat' dir='ltr'>pilis</span> <span class='ocrx_word' id='word_1_126' title='bbox 967 3947 1172 4036; x_wconf 87' lang='lat' dir='ltr'>mollibus</span> <span class='ocrx_word' id='word_1_127' title='bbox 1197 3947 1471 4060; x_wconf 87' lang='lat' dir='ltr'>patentibus,</span> <span class='ocrx_word' id='word_1_128' title='bbox 1502 3945 1557 4032; x_wconf 85' lang='lat' dir='ltr'>ad</span> <span class='ocrx_word' id='word_1_129' title='bbox 1577 3943 1677 4030; x_wconf 82' lang='lat' dir='ltr'>folia</span> 
     </span>
     <span class='ocr_line' id='line_1_24' title="bbox 406 4087 1673 4203; baseline -0.001 -34"><span class='ocrx_word' id='word_1_130' title='bbox 406 4087 628 4200; x_wconf 87' lang='lat' dir='ltr'>superiora</span> <span class='ocrx_word' id='word_1_131' title='bbox 659 4109 701 4175; x_wconf 90' lang='lat' dir='ltr'>et</span> <span class='ocrx_word' id='word_1_132' title='bbox 722 4089 777 4176; x_wconf 89' lang='lat' dir='ltr'>ad</span> <span class='ocrx_word' id='word_1_133' title='bbox 797 4090 967 4203; x_wconf 80' lang='lat' dir='ltr'>calyces</span> <span class='ocrx_word' id='word_1_134' title='bbox 995 4089 1305 4201; x_wconf 82' lang='lat' dir='ltr'>glanduliieris.</span> <span class='ocrx_word' id='word_1_135' title='bbox 1338 4087 1498 4178; x_wconf 75' lang='lat' dir='ltr'>Carales</span> <span class='ocrx_word' id='word_1_136' title='bbox 1528 4087 1673 4192; x_wconf 89' lang='lat' dir='ltr'>erecti,</span> 
     </span>
     <span class='ocr_line' id='line_1_25' title="bbox 399 4225 1713 4345; baseline -0.004 -36"><span class='ocrx_word' id='word_1_137' title='bbox 399 4225 608 4338; x_wconf 87' lang='lat' dir='ltr'>palmares</span> <span class='ocrx_word' id='word_1_138' title='bbox 627 4231 698 4316; x_wconf 85' lang='lat' dir='ltr'>vel</span> <span class='ocrx_word' id='word_1_139' title='bbox 717 4230 1025 4345; x_wconf 89' lang='lat' dir='ltr'>semipedales,</span> <span class='ocrx_word' id='word_1_140' title='bbox 1048 4229 1232 4335; x_wconf 89' lang='lat' dir='ltr'>ramosi,</span> <span class='ocrx_word' id='word_1_141' title='bbox 1253 4230 1384 4314; x_wconf 92' lang='lat' dir='ltr'>ramis</span> <span class='ocrx_word' id='word_1_142' title='bbox 1414 4229 1675 4314; x_wconf 90' lang='lat' dir='ltr'>decumben-</span> <span class='ocrx_word' id='word_1_143' title='bbox 1711 4297 1713 4304; x_wconf 13' lang='grc' dir='ltr'><em>Α</em></span> 
     </span>
     <span class='ocr_line' id='line_1_26' title="bbox 381 4368 1671 4478; baseline -0.002 -26"><span class='ocrx_word' id='word_1_144' title='bbox 381 4368 513 4453; x_wconf 78' lang='lat' dir='ltr'>&#39;tibus</span> <span class='ocrx_word' id='word_1_145' title='bbox 553 4370 623 4454; x_wconf 86' lang='lat' dir='ltr'>vel</span> <span class='ocrx_word' id='word_1_146' title='bbox 666 4369 1039 4458; x_wconf 86' lang='lat' dir='ltr'>adscendentibus.</span> <span class='ocrx_word' id='word_1_147' title='bbox 1074 4371 1253 4461; x_wconf 80' lang='lat' dir='ltr'>Foliola</span> <span class='ocrx_word' id='word_1_148' title='bbox 1280 4373 1431 4456; x_wconf 89' lang='lat' dir='ltr'>obtusa</span> <span class='ocrx_word' id='word_1_149' title='bbox 1446 4437 1459 4478; x_wconf 95' lang='lat'>,</span> <span class='ocrx_word' id='word_1_150' title='bbox 1489 4389 1565 4455; x_wconf 92' lang='lat' dir='ltr'>aut</span> <span class='ocrx_word' id='word_1_151' title='bbox 1595 4369 1671 4452; x_wconf 82' lang='lat' dir='ltr'>vix</span> 
     </span>
     <span class='ocr_line' id='line_1_27' title="bbox 400 4509 1757 4624; baseline 0.007 -35"><span class='ocrx_word' id='word_1_152' title='bbox 400 4509 685 4617; x_wconf 84' lang='lat' dir='ltr'>emarginata,</span> <span class='ocrx_word' id='word_1_153' title='bbox 705 4511 865 4624; x_wconf 88' lang='lat' dir='ltr'>pallide</span> <span class='ocrx_word' id='word_1_154' title='bbox 891 4511 1099 4619; x_wconf 88' lang='lat' dir='ltr'>virentia,</span> <span class='ocrx_word' id='word_1_155' title='bbox 1121 4511 1286 4620; x_wconf 90' lang='lat' dir='ltr'>oiliata,</span> <span class='ocrx_word' id='word_1_156' title='bbox 1308 4512 1458 4597; x_wconf 90' lang='lat' dir='ltr'>subtus</span> <span class='ocrx_word' id='word_1_157' title='bbox 1478 4537 1671 4614; x_wconf 90' lang='lat' dir='ltr'>nervosa,</span> <span class='ocrx_word' id='word_1_158' title='bbox 1752 4585 1757 4598; x_wconf 94' lang='lat'>.</span> 
     </span>
    </p>
   </div>
   <div class='ocr_carea' id='block_1_4' title="bbox 404 4643 1669 4768">
    <p class='ocr_par' dir='ltr' id='par_1_8' title="bbox 404 4643 1669 4768">
     <span class='ocr_line' id='line_1_28' title="bbox 404 4643 1669 4768; baseline -0.001 -36"><span class='ocrx_word' id='word_1_159' title='bbox 404 4665 477 4750; x_wconf 82' lang='lat' dir='ltr'>a-4</span> <span class='ocrx_word' id='word_1_160' title='bbox 502 4646 579 4732; x_wconf 91' lang='lat' dir='ltr'>lin.</span> <span class='ocrx_word' id='word_1_161' title='bbox 599 4649 684 4736; x_wconf 89' lang='lat' dir='ltr'>lata</span> <span class='ocrx_word' id='word_1_162' title='bbox 697 4712 712 4755; x_wconf 95' lang='lat'>,</span> <span class='ocrx_word' id='word_1_163' title='bbox 743 4649 934 4738; x_wconf 78' lang='lat' dir='ltr'>5-101in.</span> <span class='ocrx_word' id='word_1_164' title='bbox 956 4643 1092 4764; x_wconf 82' lang='lat' dir='ltr'>longa.</span> <span class='ocrx_word' id='word_1_165' title='bbox 1123 4650 1327 4768; x_wconf 70' lang='lat' dir='ltr'>Scapulae</span> <span class='ocrx_word' id='word_1_166' title='bbox 1360 4652 1669 4763; x_wconf 83' lang='lat' dir='ltr'>triangulares,</span> 
     </span>
    </p>
   </div>
   <div class='ocr_carea' id='block_1_5' title="bbox 0 0 2277 5732">
    <p class='ocr_par' dir='ltr' id='par_1_9' title="bbox 0 0 2277 5732">
     <span class='ocr_line' id='line_1_29' title="bbox 0 0 2277 5732; baseline 0 0"><span class='ocrx_word' id='word_1_167' title='bbox 0 0 2277 5732; x_wconf 95' lang='lat' dir='ltr'> </span> 
     </span>
    </p>
   </div>
  </div>
 </body>
</html>
