4530 5736
1593 495 1669 582 265

453 677 618 778 brum3
649 672 829 758 unicum
858 670 894 754 si
923 697 1076 786 scapus
1104 670 1312 786 simplex,
1343 671 1503 756 sivero
1533 693 1728 752 ramosus

455 817 533 902 sub
563 812 714 927 quovis
742 811 911 898 ramulo
939 811 1059 898 alind
1088 812 1219 898 adest.
1259 811 1416 896 Floras
1444 808 1724 922 corymbosi,

438 957 628 1070 fractus
657 983 762 1038 vero
788 951 1011 1041 racemosi.
1046 950 1306 1040 Pedancut·
1334 968 1519 1056 teretes,
1549 946 1726 1052 alterni,
1859 978 1866 996 ¹

452 1092 758 1207 glabriusculi,
788 1096 869 1179 sub
897 1091 1004 1179 flore
1032 1092 1286 1200 incrassati,
1318 1094 1478 1200 erceti3
1504 1093 1549 1176 in
1578 1090 1727 1176 fructu

453 1223 684 1350 patentes,
739 1264 813 1320 1-n
843 1233 918 1318 lin.
948 1234 1073 1345 longi.
1136 1231 1278 1348 Gaba
1306 1231 1624 1347 tetrapbyllns3
1661 1228 1728 1316 fo-

453 1377 567 1475 liolis
595 1378 757 1482 ovatis,
787 1376 1120 1483 obtusinsculis,
1150 1375 1386 1482 concavis,
1417 1373 1543 1459 dorso
1573 1357 1742 1458 ruben-¹

452 1521 603 1624 tibus,
632 1523 824 1632 margine
852 1518 1007 1604 albidis
1034 1519 1233 1629 integris,
1265 1514 1532 1628 glaberrimis
1546 1582 1559 1623 ,
1588 1514 1730 1629 petala

454 1660 836 1776 subaequantibns.
879 1657 1050 1746 Petale
1078 1657 1202 1763 alba,
1246 1658 1474 1771 aequalia,
1504 1661 1721 1764 incurva,

452 1805 638 1906 obtusa,
659 1800 866 1912 oblonga,
895 1800 987 1885 basi
1008 1801 1263 1910 angustiora.
1293 1799 1500 1885 Stamina
1522 1809 1725 1913 quatuor,
1782 1850 1791 1861 s

454 1960 504 2030 ut
532 1972 587 2030 ex
619 1944 755 2048 Lim,
785 1970 871 2049 non
900 1943 927 2030 6
956 1960 1004 2027 ut
1032 1973 1087 2026 ex
1116 1940 1251 2054 Deffl
1267 2005 1279 2045 ,
1317 1970 1396 2055 per
1423 1942 1544 2056 paria
1571 1968 1727 2056 appro-

453 2085 621 2170 ximate
643 2082 699 2168 ad
719 2084 855 2169 latera
884 2109 1127 2198 compressa
1147 2081 1368 2188 siliculae,
1391 2082 1544 2196 petalis
1566 2111 1727 2196 aequa-

452 2225 535 2335 lia;
568 2222 819 2338 filamentis
848 2225 1071 2328 incurvis,
1102 2222 1344 2330 teretibus,
1389 2223 1481 2306 basi
1513 2221 1729 2329 dilatatis,

451 2366 649 2481 glandula
678 2359 823 2455 albida¹
840 2367 1072 2454 orbiculari
1098 2365 1191 2452 fere
1218 2365 1400 2452 insertis.
1433 2364 1609 2478 Stigma
1639 2396 1726 2451 ses·
1843 2479 1845 2488 Ι

454 2510 559 2616 sile,
591 2509 806 2598 villosum.
861 2511 1055 2598 German
1080 2508 1271 2620 margine
1302 2510 1487 2622 nigrum.
1537 2508 1728 2599 Silicula

455 2652 750 2760 subrotunda',
778 2651 1068 2764 emarginata,
1098 2649 1357 2762 glaberrima
1386 2670 1429 2736 et
1457 2653 1546 2738 fere
1567 2645 1726 2754 lucide,

453 2793 747 2904 adscendens,
776 2793 942 2880 inferne
972 2790 1126 2911 gibba,
1157 2820 1344 2905 superne
1371 2821 1586 2901 concava,
1609 2810 1729 2906 septo

454 2936 732 3047 prominulo,
776 2933 944 3049 apicem
985 2963 1136 3022 versus
1176 2933 1369 3044 margine
1401 2935 1729 3021 membranaceo

457 3076 599 3161 cincta
635 3103 652 3160 1
679 3083 695 3164 ἐ
717 3073 791 3162 lin.
810 3077 908 3162 lata.
939 3076 1328 3190 Dissepimentam
1359 3076 1632 3180 scariosum,
1660 3105 1728 3164 se-

454 3217 747 3320 mi-cvatum,
787 3231 978 3302 acutum.
1028 3217 1211 3306 Semina
1245 3244 1319 3301 1-n
1349 3213 1393 3300 in
1421 3217 1575 3331 quovis
1609 3213 1729 3305 locu·

454 3353 663 3460 lamento,
684 3355 827 3461 levia,
856 3384 1112 3471 compressa.

221 3615 242 3671 '·
344 3634 603 3726 Annmnma
633 3663 941 3730 nnnnotnnn.
971 3643 1087 3730 Dec.

565 3921 615 4006 A.
667 3922 787 4008 caule
834 3923 1102 4012 firminsculc
1144 3926 1381 4038 caespitoso
1425 3923 1557 4014 dense
1596 3927 1730 4042 pube-

453 4051 632 4172 scente,
678 4065 793 4152 foliis
834 4070 948 4182 pube
980 4096 1150 4157 ramosa
1185 4070 1353 4156 stellata
1387 4071 1518 4158 dense
1548 4073 1728 4160 obtectis

453 4208 802 4316 canescentibus,
833 4212 1096 4322 radicalibns
1117 4213 1580 4329 spathulato-obovatis
1620 4214 1731 4300 inte*-

445 4355 538 4468 ,gris
568 4351 649 4474 vel.
664 4351 767 4440 hinc
793 4350 895 4444 inde
937 4354 1346 4467 angulato-dentatis
1359 4419 1373 4464 ,
1412 4337 1592 4445 caulinis
1633 4387 1730 4472 spa-

452 4495 836 4610 thulato-oblongis
881 4497 1203 4612 integerrimis,
1250 4499 1557 4616 dissepimento
1606 4498 1727 4614 apice
1817 4611 1820 4618 Ι

458 4640 635 4757 obliquo
668 4641 781 4754 stylo
814 4639 918 4728 hinc
945 4641 1131 4756 inserto,
1172 4644 1409 4742 seminibus
1439 4643 1728 4732 subrotundis.

1242 4787 1290 4876 54
1322 4797 1325 4802 '
