4530 5736
588 429 673 544 454
795 483 806 496 ·

559 647 563 656 ¹
755 601 794 689 b.
824 594 940 688 foliis
966 595 1142 713 parvis,
1171 586 1433 678 radicalibus
1461 582 1765 695 subrotundis,
1795 576 1923 704 supe-

643 743 833 833 rioribus
863 738 1001 828 ovatis
1028 729 1382 822 inciso-dentatis.
2018 715 2027 724 ’

756 915 794 974 c.
816 881 934 971 foliis
952 898 1002 966 ut
1020 873 1067 968 in
1087 872 1402 992 praecedente,
1433 863 1609 957 floribus
1627 867 1822 987 pallidis,
1852 897 1925 956 co·

645 1027 778 1116 rollae
820 1025 935 1114 labio
975 1023 1201 1138 superiore
1220 1011 1637 1131 emarginato-billdo
1656 1045 1745 1104 non
1776 1015 1925 1124 4-den·

644 1189 745 1259 tato.
1154 1253 1157 1258 .

754 1315 798 1401 d.
828 1313 944 1399 loliis
970 1325 1020 1397 ut
1049 1309 1094 1396 in
1122 1305 1435 1424 praecedente3
1464 1299 1640 1403 floribus
1670 1305 1788 1393 albis.

754 1455 810 1544 In
837 1453 994 1572 apricis
1021 1450 1230 1540 montosis
1275 1463 1317 1533 et
1344 1447 1531 1536 vallibus
1560 1445 1694 1532 humo
1723 1449 1926 1563 repletis,

644 1597 836 1708 Samnii,
866 1601 1071 1705 Matese,
1113 1596 1279 1684 Monte
1307 1591 1358 1678 di
1390 1593 1595 1696 Mezze,
1626 1595 1789 1680 Monte
1835 1598 1930 1683 Ca-

567 1799 571 1807 .
633 1769 807 1855 proro5
856 1741 1059 1856 Aprutii,
1088 1739 1257 1827 Monte
1303 1737 1478 1842 Gamo,
1509 1736 1675 1823 Monte
1708 1740 1811 1824 Gost
1794 1751 1926 1847 tone,

644 1890 809 1976 Monte
836 1882 1099 1970 Intermesol
1097 1911 1142 1992 e,
1172 1878 1392 1998 Majella.
1616 1893 1618 1897 ’

760 2023 903 2131 Julio,
934 2026 1138 2135 Augusto.
1167 2031 1207 2133 2l

756 2167 904 2256 Plorat
886 2179 933 2254 tn
962 2166 1163 2253 omnibus
1191 2163 1394 2281 partibus
1422 2162 1493 2250 vel
1522 2124 1817 2276 glaberrima,
1858 2169 1929 2254 vel

647 2304 743 2422 plns
771 2308 1007 2421 minusque
1027 2309 1288 2422 pubescens,
1319 2306 1429 2392 laete
1448 2305 1596 2392 virens
1617 2311 1633 2418 (
1653 2335 1739 2394 non
1759 2319 1931 2424 semper

652 2447 785 2535 dense
814 2451 1053 2563 pubescens
1074 2469 1118 2534 et
1138 2451 1321 2536 obscure
1349 2450 1528 2558 virens,
1568 2469 1618 2538 ut
1645 2431 1705 2538 L.
1722 2453 1931 2566 gargani·
1972 2436 1980 2448 ’

556 2583 562 2592 ’
646 2595 787 2701 cum).
817 2589 983 2678 Radix
1001 2593 1221 2707 perennis,
1244 2610 1502 2700 transverso,
1530 2593 1648 2680 'inter
1672 2623 1776 2700 saxa
1792 2593 1932 2690 ,humo

647 2730 812 2845 repleta
833 2729 935 2815 hinc
963 2727 1064 2815 inde
1102 2730 1289 2814 stolones
1317 2731 1532 2855 emittens.
1580 2735 1743 2819 Onuba
1770 2734 1931 2848 plures,

647 2872 783 2960 erecti
811 2871 881 2958 vel
910 2869 1081 2986 saepius
1109 2869 1451 2973 adscendentes,
1494 2875 1734 2984 tetragoni,
1777 2873 1931 2987 leves,

604 3014 852 3121 fistulosi,
874 3014 966 3099 basi
986 3029 1156 3098 tantum
1183 3011 1369 3117 ramosi,
1400 3037 1507 3102 1-1.
1493 3011 1625 3126 ped.
1649 3012 1776 3128 longi.
1798 2947 1935 3106 Folid

557 3221 561 3232 .
608 3157 889 3268 subrugosa
936 3153 1009 3240 vel
1037 3155 1193 3269 plana,
1231 3147 1447 3267 profunde
1478 3151 1676 3263 dentata,
1707 3183 1934 3272 nunquam

653 3299 876 3386 sublobata
906 3296 1027 3406 (ut
1013 3323 1061 3382 m
1087 3299 1148 3384 L.
1166 3294 1465 3412 garganico),
1495 3296 1675 3406 obtusa,
1705 3299 1935 3414 petiolata;

642 3439 814 3559 petiole
841 3439 1037 3554 pollicari
1067 3458 1111 3525 et
1139 3437 1278 3546 ultra,
1309 3438 1574 3550 semitereti,
1615 3467 1746 3557 supra
1774 3444 1937 3530 canali·

514 3640 521 3659 ι
653 3585 831 3691 culato,
862 3584 955 3670 basi
985 3581 1191 3691 dilatato,
1221 3581 1393 3670 caulem
1422 3582 1732 3697 amplectente,
1763 3605 1808 3673 et
1834 3613 1939 3701 pur-

652 3744 921 3848 purascente.
951 3724 1110 3814 stores
1139 3721 1245 3812 6-10
1271 3750 1351 3840 pro
1381 3723 1538 3852 quovis
1566 3724 1806 3840 verticillc,
1848 3727 1939 3842 pol·
2066 3778 2069 3789 ·

652 3865 782 3951 licem
810 3864 903 3951 fere
931 3864 1068 3977 longi,
1098 3867 1208 3952 laete
1236 3864 1480 3980 purpurei,
1509 3891 1610 3952 raro
1636 3865 1798 3982 pallide
1825 3869 1940 3954 rosei

652 4009 725 4094 vel
754 4008 915 4116 albidi,
959 4010 1138 4096 sessiles
1174 4007 1319 4123 Onlyx
1347 4006 1590 4118 incurvus,
1620 4011 1939 4126 subcampanu-

655 4152 801 4260 latus,
830 4151 1165 4265 subaugulatus,
1194 4179 1435 4259 nervosus,
1465 4151 1612 4238 nervis
1639 4153 1938 4269 perdentium

658 4294 829 4409 apicem
852 4294 1209 4400 excurrentibus,
1239 4293 1524 4402 b-dentatu's3
1556 4294 1759 4383 dentibus
1788 4297 1941 4382 subae-

657 4437 885 4553 qualibus,
917 4435 1273 4548 triangularibus,
1301 4437 1570 4523 acuminatis.
1608 4437 1782 4526 Corolla
1808 4439 1941 4554 pube-

659 4607 819 4690 scens,
868 4579 974 4667 tubo
1014 4578 1210 4690 calycem
1257 4579 1478 4666 multoties
1527 4579 1798 4688 excedente,
1846 4580 1939 4666 basi
