4530 5736
608 471 687 558 286

715 687 751 710 ν
771 640 929 753 Majo,
958 633 1215 752 Septembri.
1244 639 1283 744 2}
1322 701 1324 708 .

781 779 1084 903 captatorem
1113 777 1257 863 discus
1284 773 1330 860 in
1359 770 1443 858 hac
1472 770 1615 886 specie
1652 770 1948 883 majusculum

658 946 702 1014 at
723 925 933 1014 minimus
961 922 1007 1008 in
1029 917 1147 1006 affini
1181 914 1259 1006 M.
1287 913 1465 1005 boreali.
1499 910 1662 1001 Confer
1681 911 1845 1002 Reice.
1867 915 1896 1002 l.
1911 943 1947 1000 c.

547 1216 804 1303 Ltvmetm
832 1233 1104 1298 ammeca.
1126 1205 1242 1293 Dec.

773 1499 825 1587 L.
848 1495 974 1582 caule
1001 1495 1216 1582 herbaceo
1245 1489 1625 1608 hispido-scabro,
1647 1487 1763 1578 foliis
1785 1508 1950 1579 tomen·
2025 1467 2033 1514 ²

531 1619 535 1632 ’
655 1642 759 1732 tosis
788 1639 1068 1729 inferioribus
1092 1633 1624 1756 quinquelobo-angnlatis
1653 1636 1950 1751 superioribus

655 1783 852 1897 trilobis,
873 1783 983 1872 lobio
1001 1781 1253 1873 lanceolatis
1282 1780 1421 1869 acutis
1441 1779 1630 1868 dentatis
1648 1778 1793 1868 medio
1809 1779 1950 1896 ‘duplo

654 1930 873 2044 longiore,
892 1925 1155 2046 pedunculis
1182 1925 1385 2015 solitariis
1415 1925 1519 2016 folio
1541 1924 1848 2032 brevioribus,
1879 1954 1951 2010 ca-

659 2076 793 2194 psulis
823 2071 1065 2163 denudatis.
1090 2075 1213 2162 Dec.
1233 2102 1310 2189 pr.
1342 2103 1377 2158 s.
1406 2083 1498 2158 nat.
1534 2100 1569 2157 ι.
1588 2101 1641 2188 p.
1663 2085 1777 2173 44ο.

773 2222 823 2307 L.
864 2217 1104 2332 sylvestris.
1155 2218 1265 2302 Ten.
1299 2213 1356 2324 fl.
1401 2243 1507 2329 nep.
1535 2243 1610 2331 pr.
1639 2244 1694 2331 p.
1724 2220 1824 2320 4ο,
1863 2245 1949 2302 non
1979 2200 2004 2230 ”

661 2367 835 2452 Broter.

773 2505 933 2593 Althea
962 2503 1197 2618 sylvestris.
1229 2500 1360 2612 Brig.
1379 2514 1553 2617 pempt.
1570 2532 1624 2617 p.

771 2653 832 2741 Ic.
864 2650 992 2762 Brtg.
1022 2646 1051 2732 l.
1081 2677 1119 2734 c.
1150 2657 1177 2728 t.
1208 2661 1256 2744 4.

770 2793 821 2878 In
843 2789 1032 2877 dmnetis
1051 2786 1259 2875 montosis
1278 2785 1469 2895 Samnii,
1492 2814 1544 2873 ac
1563 2783 1811 2898 Calabriae,
1831 2813 1875 2880 ct
1894 2794 1950 2880 ad

591 3005 594 3012 .
660 2967 782 3053 sepes
804 2937 992 3050 Aprutii.

771 3063 927 3186 lunio,
957 3075 1153 3186 luliotf
1220 3106 1224 3116 ·

775 3207 992 3335 Cctlyeem¹
1013 3217 1278 3306 exteriorem
1306 3247 1478 3335 semper
1499 3218 1708 3307 trilobum
1727 3218 1851 3333 vidi3
1875 3222 1949 3309 sed

662 3362 897 3480 aliquando
926 3365 1014 3452 lobi
1042 3366 1230 3479 majores
1258 3363 1314 3450 ad
1343 3362 1529 3450 alterum
1557 3365 1671 3453 latus
1699 3367 1852 3454 lobum
1871 3370 1950 3452 mi-

659 3537 813 3595 norem
841 3505 1038 3615 habent,
1070 3526 1112 3594 et
1133 3525 1238 3593 tunc
1269 3505 1399 3620 cclxx
1430 3503 1696 3594 moechatus
1725 3508 1869 3625 primo
1891 3508 1957 3630 ἑοῖ
2009 3481 2016 3492 ’

665 3645 783 3732 tuitu
829 3641 1044 3754 videtur3
1086 3642 1190 3730 hinc
1228 3643 1338 3731 nihil
1366 3645 1555 3752 mirum,
1598 3646 1635 3732 si
1663 3642 1721 3730 ad
1749 3643 1950 3734 Altheae

600 3811 604 3818 ·
660 3785 773 3872 hano
805 3783 995 3903 speciem
1023 3786 1222 3874 retulerit
1249 3786 1314 3877 cl.
1346 3788 1477 3904 Bag.
1508 3785 1536 3873 l.
1565 3815 1601 3874 o·
1881 3773 1887 3792 ’

775 3931 839 4018 Cl.
870 3933 986 4020 Dec.
1016 3931 1046 4019 l.
1082 3959 1118 4018 c.
1149 3930 1262 4020 male
1300 3931 1356 4017 ad
1386 3950 1491 4019 sect.
1520 3933 1601 4021 IV.
1631 3937 1647 4043 (
1675 3928 1952 4043 Anthemu)

662 4075 1022 4188 complectentem
1050 4074 1215 4192 species
1244 4075 1515 4193 receptaculo
1542 4099 1684 4193 parvo
1713 4075 1928 4163 foveoleto
1939 4140 1953 4184 ,

572 4291 579 4306 .
662 4248 742 4302 nec
773 4237 974 4325 exserto,
1018 4247 1098 4306 nec
1138 4221 1187 4306 in
1210 4218 1369 4306 cristes
1399 4245 1591 4332 expanso
1634 4219 1748 4307 hanc
1786 4219 1955 4326 refert3

663 4383 764 4444 nam
792 4360 1118 4475 receptaculum
1159 4361 1352 4448 centrole
1381 4381 1445 4448 est
1474 4367 1678 4450 conicum
1721 4391 1772 4448 ac
1804 4393 1955 4450 exser-

665 4523 791 4612 tum,
821 4521 863 4590 et
884 4504 995 4591 idco·
1011 4504 1067 4592 od
1088 4521 1191 4593 sect.
1214 4507 1487 4620 11.·(·ottta)
1509 4521 1688 4624 spectat.
1704 4510 1958 4624 Perpetem

659 4674 763 4734 vero
792 4675 894 4734 cum
922 4651 982 4736 L.
1012 4647 1223 4738 trimestri
1251 4656 1480 4766 conjuncta
1510 4653 1618 4743 aCl.
1640 4653 1740 4768 Spr.
1762 4652 1790 4740 l.
1814 4685 1851 4742 c.
