4540 5736
291 1931 450 2144 Con
486 2071 597 2136 oras
632 2030 767 2135 Jonii
804 2070 861 2134 ac
900 2027 1152 2134 Adriatici
1180 2033 1332 2135 maris
1361 2070 1390 2134 a
1422 2029 1619 2172 Rhegio
1649 2027 1718 2136 ad

292 2205 527 2334 Barium,
580 2233 633 2308 et
685 2202 805 2308 inde
847 2201 1117 2308 nonnullas
1155 2208 1380 2348 regiones
1425 2205 1616 2312 Samnii
1666 2233 1716 2312 et

293 2383 502 2530 Aprutii
528 2379 695 2526 elapso
722 2417 853 2483 anno
878 2353 1010 2505 182'4
1031 2377 1370 2506 lustraverim‚
1397 2379 1515 2482 hinc
1539 2382 1717 2525 stirpes
1783 2413 1800 2524 ’-

291 2556 507 2659 rariores
538 2592 567 2656 a
591 2593 673 2656 me
699 2550 934 2656 collectas
960 2590 1097 2654 nunc
1122 2549 1334 2656 demum
1364 2550 1503 2656 baud
1527 2553 1717 2656 frustra

293 2727 483 2876 publici
511 2727 639 2872 juris
666 2727 828 2832 facere
853 2725 1132 2832 arbitratus
1149 2765 1271 2834 sum
1283 2777 1300 2858 3
1327 2765 1447 2832 nam
1462 2767 1524 2833 ex
1540 2767 1717 2834 aarum
1768 2835 1772 2844 ,

292 2903 676 3008 enumeratione
700 2939 805 3008 non
827 2899 993 3009 solum
1017 2929 1068 3006 et
1093 2900 1191 3008 alia
1215 2931 1415 3008 nostrae
1431 2901 1612 3010 Florae
1639 2927 1717 3008 ve·

293 3074 553 3221 getabilia‚
579 3073 669 3184 sed
695 3103 747 3180 et
771 3078 1002 3182 notiones
1028 3074 1279 3222 quaedam
1304 3075 1718 3186 distributionem

294 3247 680 3395 geographicam
717 3248 1013 3394 plantarum
1055 3247 1212 3394 hujus
1248 3277 1504 3356 extremae
1543 3249 1716 3358 ltaliae
1856 3280 1864 3294 ‘

293 3423 450 3566 partis
475 3419 785 3525 illustrantes
810 3459 869 3524 eo
893 3423 1050 3564 magis
1075 3423 1411 3527 innotescunt.
1436 3421 1516 3528 Ne
1543 3449 1716 3526 tamen

183 3565 197 3574 ⁶
292 3595 425 3741 opus'
444 3594 539 3701 hoc
565 3599 618 3700 iu
642 3634 878 3740 magnam
914 3593 1102 3702 molem
1128 3592 1388 3725 evaderet,
1419 3595 1578 3702 solam
1602 3596 1714 3701 dia-

293 3770 487 3908 gnosim
524 3769 810 3917 specificam
837 3768 1104 3918 speciebus·
1130 3772 1229 3876 rite
1270 3769 1482 3915 cognitis
1517 3768 1714 3875 adden-

292 3939 444 4072 dam,
484 3940 764 4091 dubiasque
804 3985 947 4071 vero,
989 3942 1070 4049 vel
1111 3983 1266 4051 novas
1292 3941 1712 4092 descriptionibus
1792 3983 1800 3996 ·
1841 4011 1844 4018 ·

292 4117 651 4264 prolixioribus
690 4159 747 4224 ac
783 4117 1008 4225 iconibus
1050 4116 1376 4226 illustrandas
1412 4123 1618 4250 curavi3
1660 4124 1713 4225 iu

292 4329 392 4436 qua
411 4332 468 4396 re
485 4291 795 4399 conficienda
815 4295 854 4396 si
872 4331 972 4440 qua
988 4296 1155 4397 minus
1171 4321 1404 4398 accurate
1422 4293 1642 4422 fecerim,
1660 4295 1713 4396 in

291 4463 654 4575 Botanicorum
702 4466 1019 4612 indulgentia
1044 4471 1251 4574 omnino
1281 4471 1591 4614 conquiesco.
1631 4467 1713 4570 ln·
1766 4611 1770 4619 ι

291 4639 444 4742 terim
469 4680 552 4748 me
578 4639 863 4789 plurimum
903 4639 1089 4748 debere
1129 4641 1376 4788 profiteor
1415 4640 1714 4746 Clarissimis
