4516 5736
1606 499 1739 626 oa¹

278 749 283 762 ,
430 671 555 781 gior,
587 668 916 782 cylindraceus,
948 669 1152 777 albidus3
1179 667 1341 756 limbus
1370 669 1536 754 intense
1564 696 1711 753 coeru-

351 807 356 819 “
434 815 528 900 leus
558 815 629 900 vel
657 814 805 922 albus,
833 833 1014 928 patens,
1045 813 1211 898 laciniis
1246 814 1385 900 oratis
1406 813 1571 924 acutis,
1585 812 1715 927 faux

434 957 580 1044 clausa
600 957 848 1052 ,fornicibus
878 957 1097 1069 oblongis,
1130 985 1312 1071 superne
1343 956 1551 1064 saccatis,
1591 958 1712 1074 apice
1831 1001 1835 1010 =

433 1120 476 1186 et
492 1099 685 1212 margine
699 1102 1050 1215 pubescentibus,
1066 1100 1193 1185 dorso
1223 1127 1359 1214 prope
1379 1100 1516 1187 basim
1540 1099 1713 1212 glabris,

430 1241 598 1330 albidis.
640 1243 794 1358 Stylus
823 1243 971 1354 calyce
1001 1245 1132 1358 duplo
1169 1245 1369 1352 longior,
1410 1271 1595 1357 superne
1625 1272 1711 1328 non

430 1385 718 1492 incrassatus,
751 1384 930 1496 glaber,
960 1386 1165 1500 stigmate
1187 1387 1371 1499 globoso.
1407 1388 1593 1472 Semina
1626 1414 1715 1469 ma-

431 1545 531 1612 tura
560 1555 646 1612 non
675 1523 781 1610 vidi.
1254 1607 1258 1614 ,
1373 1501 1383 1519 ’

543 1661 595 1755 Α.
625 1665 896 1753 undulatam
925 1666 1054 1755 Sibth
1069 1667 1126 1781 fl.
1152 1697 1215 1780 gr.
1240 1693 1288 1750 s.
1308 1695 1360 1782 p.
1392 1665 1461 1752 56.
1482 1678 1511 1750 t.
1539 1655 1651 1768 165,
1672 1681 1714 1750 et

432 1808 510 1896 Fl.
533 1821 648 1924 port.
672 1828 831 1924 [2:177.
861 1822 971 1895 tna.
996 1810 1141 1923 potius
1161 1807 1218 1893 ad
1239 1813 1304 1896 A.
1327 1807 1562 1920 hybridam
1593 1809 1713 1913 Ten,

431 1979 564 2064 quam
583 1951 639 2034 ad
659 1948 771 2036 hanc
792 1951 982 2064 speciem
1003 1967 1197 2064 spectare
1219 1949 1330 2033 milri
1351 1951 1496 2034 visum
1517 1965 1595 2054 est,
1613 1948 1716 2062 quia

434 2093 499 2176 Cl.
532 2092 671 2181 Sibth.
701 2089 729 2178 l.
761 2121 796 2178 c.
829 2109 947 2178 notat
977 2091 1121 2176 icones
1151 2092 1353 2178 Bocconi
1383 2122 1434 2178 ac
1463 2089 1711 2179 Barrelieri

414 2232 569 2316 malas
590 2262 716 2340 esse3
747 2248 790 2316 et
812 2232 915 2316 dum
946 2248 1090 2316 nostra
1118 2230 1266 2345 planta
1295 2260 1394 2316 cum
1418 2231 1511 2317 istis
1538 2231 1714 2315 omnino

431 2374 659 2480 convenit,
690 2374 744 2458 ab
766 2372 850 2460 illis
864 2372 939 2460 Fl.
951 2401 1017 2485 gr.
1040 2390 1083 2457 et
1104 2372 1177 2460 Ft
1187 2385 1303 2489 port.
1325 2371 1503 2458 recedit.
1526 2378 1595 2461 An
1615 2371 1713 2456 icon

431 2515 616 2603 Milton·
644 2517 709 2602 ad
736 2520 806 2603 A.
828 2514 1098 2601 undulatam
1145 2521 1362 2629 pertineat
1393 2517 1607 2601 affirmare
1641 2545 1714 2600 ne-

430 2686 562 2772 queo,
581 2657 687 2742 dum
709 2687 814 2771 opus
833 2655 916 2742 boc
938 2655 1081 2743 adbuc
1103 2657 1213 2742 mibi
1234 2657 1458 2743 consulere
1473 2686 1560 2741 non
1580 2655 1716 2742 licuit.

430 2799 657 2886 Praeterea
696 2801 928 2915 descriptio
958 2800 1022 2887 Cl.
1053 2800 1315 2887 Lehmanni
1343 2798 1371 2885 l.
1404 2833 1438 2887 c.
1472 2787 1666 2884 nonnibil
1695 2827 1720 2882 a

433 2962 579 3029 nostra
609 2941 851 3056 discrepat,
875 2971 975 3026 nam
997 2942 1137 3054 stylus
1167 2939 1393 3029 evidenter
1414 2940 1564 3055 calyce
1586 2941 1717 3055 duplo

434 3085 628 3196 longior,
651 3104 701 3170 ut
730 3084 775 3171 in
796 3084 994 3171 iconibus
1024 3085 1224 3171 Bocconi
1246 3102 1289 3169 et
1308 3083 1557 3174 Barreh'eri
1577 3085 1709 3170 etiam

434 3227 718 3332 observatur,
763 3227 838 3340 qui
880 3261 905 3313 n
953 3224 1231 3338 longitudine
1257 3228 1363 3340 fere
1413 3228 1585 3342 calycis
1625 3255 1710 3316 »a

415 3367 726 3459 notmannis
756 3368 1031 3454 describitur.
1066 3367 1310 3454 Fatendum
1342 3371 1523 3483 quidem
1552 3387 1615 3456 est
1644 3371 1709 3456 A.

435 3509 730 3614 undulatam,
761 3527 804 3592 et
834 3509 900 3593 A.
932 3508 1171 3624 hybridam
1196 3509 1435 3595 admodum
1456 3512 1569 3596 inter
1589 3541 1634 3596 se
1656 3511 1718 3596 al·
1750 3607 1762 3622 ,

436 3649 542 3736 fines
574 3683 693 3761 esse,
724 3651 799 3736 sed
827 3651 930 3737 folia
959 3653 1151 3763 margine
1180 3653 1391 3738 undulata
1411 3654 1626 3769 -crispa,
1668 3683 1718 3740 ac

434 3794 700 3882 denticulata
722 3777 949 3911 duploque¹
977 3796 1245 3908 angustiore,
1275 3815 1437 3882 statura
1471 3799 1637 3906 minor,
1668 3815 1710 3884 et

433 3939 622 4053 denique
651 3938 788 4050 stylus
807 3937 931 4051 longe
967 3958 1161 4024 exsertus
1190 3943 1255 4026 A.
1278 3939 1544 4028 undulatam
1566 3943 1622 4026 ab
1642 3943 1706 4027 A.

433 4079 627 4194 hybrida
655 4079 756 4164 satis
787 4080 1090 4193 distinguunt3
1131 4081 1237 4166 dum
1267 4079 1538 4166 characteres
1572 4109 1596 4164 a
1639 4111 1712 4165 ca·

430 4221 543 4336 lycis
571 4223 804 4337 partitione
847 4243 890 4308 ct
931 4225 985 4307 ab
1025 4224 1157 4335 hujus
1185 4221 1353 4308 laciniis
1382 4223 1601 4337 desumpti
1630 4251 1710 4338 pro

435 4365 554 4453 bisce
576 4365 799 4482 speciebus
821 4366 1170 4454 discriminandis
1198 4367 1326 4480 pauci
1355 4367 1563 4452 momenti
1592 4383 1702 4452 sunt.
