4526 5734
490 553 494 560 .
581 495 693 556 ·210

777 641 838 724 Cl.
870 641 1060 726 Morettt'
1088 642 1131 726 in
1163 639 1255 728 clec-
1267 637 1338 756 pl.
1369 638 1477 726 Ital.
1500 641 1540 726 5.
1563 669 1612 754 p.
1643 639 1948 756 &suspicatur

669 780 797 892 hujus
827 782 984 893 speciei
1012 781 1154 897 petala
1184 811 1275 866 esse
1304 780 1575 892 firgucissima
1591 846 1604 886 ,
1642 810 1742 866 curn
1771 813 1827 866 ex
1856 813 1950 898 per-

664 922 813 1008 multis
843 924 1160 1037 exemplaribus
1190 925 1313 1008 siccis
1342 925 1544 1037 inspectis
1567 927 1743 1010 unicum
1775 944 1945 1014 tanturn

563 1103 568 1110 ¹
666 1063 826 1152 corolla
855 1069 1116 1151 instructum
1145 1065 1316 1152 viderit.
1357 1073 1412 1153 At
1442 1065 1524 1151 hoc
1553 1069 1734 1152 minime
1764 1095 1946 1173 verum,

515 1295 521 1305 ,
664 1241 765 1296 nam
795 1211 935 1323 petala
966 1235 1136 1322 semper
1178 1208 1359 1312 adsunt,
1391 1227 1434 1293 et
1463 1205 1732 1294 solummodo
1768 1212 1813 1294 in
1844 1213 1948 1296 cali-

640 1347 852 1437 ¹dissirnis
882 1351 1034 1436 diebus
1062 1351 1144 1436 nisi
1174 1349 1407 1461 specimina
1429 1346 1590 1435 chartis
1619 1352 1945 1460 consignentur,

597 1497 610 1602 ⁸.
665 1511 761 1606 post
793 1495 890 1580 8-10
922 1492 1077 1596 boras,
1122 1489 1329 1576 facillime
1359 1490 1604 1595 decidunt,
1653 1489 1770 1604 quod
1814 1495 1944 1580 etiarn

664 1638 708 1720 iu
737 1635 833 1721 aliis
862 1635 1088 1748 speciebus
1107 1631 1275 1716 accidit.
1309 1633 1490 1730 Interim
1511 1633 1745 1720 observatu
1765 1629 1946 1744 dignum

664 1776 721 1861 in·
741 1775 821 1860 hac
853 1776 995 1889 specie
1026 1792 1116 1880 ost,
1145 1772 1261 1887 quod
1293 1773 1455 1881 caulis,
1487 1776 1564 1888 qui
1594 1776 1638 1862 in
1667 1775 1814 1888 planta
1846 1779 1946 1863 viva

636 1935 836 2032 v'semper
864 1934 1034 2024 rectus,
1066 1917 1149 2002 nisi
1179 1894 1486 2030 speoinrina'in
1509 1917 1799 2004 exsiccatione
1827 1937 1946 2004 arcte

669 2060 1009 2173 comprimantur
1036 2055 1163 2144 valde
1197 2059 1417 2146 flexuosus
1448 2061 1604 2146 evadit.
1637 2061 1728 2146 lloc
1768 2091 1947 2148 monen-

596 2275 599 2278 .
670 2203 775 2287 dum
805 2205 983 2314 putavi,
1017 2230 1069 2286 ne
1091 2203 1231 2288 exteri
1253 2203 1444 2288 Botanici
1474 2202 1640 2315 plantas
1661 2205 1794 2288 siccas
1815 2206 1946 2318 inspi-

668 2346 830 2430 cientes
878 2344 922 2428 in
959 2368 1152 2436 errorem
1194 2344 1428 2428 incurrant.
1473 2342 1625 2429 Affinis
1654 2347 1711 2428 P.
1742 2345 1943 2451 nitidae,

669 2487 743 2572 sed
792 2487 847 2571 ab
876 2486 955 2570 hac
986 2501 1228 2570 constanter
1264 2485 1470 2589 diversa,
1516 2503 1559 2567 et
1602 2484 1712 2572 male
1740 2513 1840 2572 oum
1871 2487 1945 2574 illa

668 2627 843 2715 confusa
878 2626 1096 2741 aCLSpr.
1127 2627 1170 2710 in
1199 2657 1234 2710 s.
1256 2655 1347 2738 veg.
1364 2655 1403 2710 2.
1425 2655 1475 2740 p.
1505 2625 1616 2724 542.
1651 2627 1811 2714 confer
1839 2657 1947 2743 quo-

669 2800 756 2884 que
786 2761 976 2860 Morem·
1005 2769 1085 2854 bot.
1107 2765 1201 2853 ital.
1214 2795 1264 2882 p.
1289 2763 1355 2852 26.

910 3051 1396 3156 CLnSsts
1470 3051 1611 3157 XIII.

766 3371 1769 3502 PonYA,vonJA--rroNooer

570 3881 797 3972 Curatius
827 3909 1023 3966 oVATA.
1053 3880 1190 3994 Desf.

782 4153 828 4235 C.
859 4153 1054 4240 caulibus
1080 4152 1411 4262 lignesccntibus
1425 4217 1438 4256 ,
1470 4151 1640 4263 stipulis
1661 4150 1843 4262 spinosis
1865 4179 1948 4234 uo-

670 4292 854 4395 cinatis,
885 4291 997 4378 soliis
1026 4293 1224 4410 ellipticis
1265 4294 1547 4408 oblongisque
1583 4289 1780 4386 deciduis
1822 4295 1945 4406 apice

673 4432 849 4544 spinula
870 4436 1049 4520 incurva
1082 4435 1286 4546 munitis,
1318 4435 1561 4546 junioribus
1581 4433 1942 4545 pubescentibus,

669 4571 925 4685 pedunculis
954 4574 1156 4665 solitariis
1185 4573 1380 4660 unitoris
1408 4574 1512 4658 solio
1533 4561 1816 4684 longioribus,
1848 4579 1945 4662 bao-
