4516 5736
1588 587 1639 672 97

302 727 561 815 Parrnuua
594 757 881 816 conamen.
912 731 1031 818 Nob.

526 1009 723 1101 P.'caule
751 1011 836 1099 levi
868 1013 1134 1132 subsimplici
1164 1016 1315 1102 stricto
1343 1017 1543 1129 uirgato,
1582 1015 1697 1103 foliis

411 1152 837 1240 lineari-lanceolatis
857 1155 1348 1272 repando-denticulatis
1368 1157 1587 1244 undulatis
1609 1188 1697 1245 sca·
1801 1234 1806 1241 .

412 1295 680 1405 briusculis,
708 1295 890 1385 floribus
919 1298 1136 1384 sessilibus
1166 1299 1393 1384 subternis.

527 1437 795 1552 Campanula
807 1438 982 1550 virgata.
1000 1437 1168 1552 Temfl.
1180 1467 1284 1554 nep.
1297 1465 1389 1558 ap.
1406 1433 1473 1529 66.
1484 1441 1593 1526 excl.
1602 1471 1695 1557 syn.

523 1581 582 1666 Ic.
612 1594 765 1668 nostra
792 1594 823 1666 t.
852 1582 917 1667 18.

382 1775 387 1784 ·
523 1725 573 1810 In
605 1722 786 1810 collibus
815 1723 946 1812 aridis
976 1722 1207 1811 maritimis
1235 1724 1453 1839 Iapygiae.

528 1868 705 1982 Aprili,
736 1869 869 1978 Majo.
898 1869 960 1971 ὅ,
991 1879 1030 1978 ql

526 2008 685 2103 cantis
706 2026 898 2116 erectus,
914 2038 1000 2096 non
1012 2011 1198 2117 striatas,
1216 2011 1542 2126 subaugulatns,
1562 2041 1697 2129 quan-

387 2151 554 2266 doque
584 2151 1048 2266 pubescenti-scaber,
1064 2151 1250 2268 simplex
1280 2154 1350 2240 vol
1370 2156 1503 2242 ramis
1532 2153 1695 2270 aliquot

408 2293 563 2378 erectis
592 2292 842 2381 instructus
857 2295 992 2382 Folia
1020 2294 1243 2382 radicalia
1270 2295 1534 2406 lanceolata,
1556 2298 1695 2384 utrin-

408 2465 495 2550 que
525 2439 778 2542 attenuata,
810 2435 931 2553 apice
960 2454 1112 2542 acuta,
1145 2435 1221 2522 sed
1250 2466 1336 2522 non
1356 2438 1573 2554 exquisite
1594 2469 1695 2527 acu-

406 2578 571 2665 minata
599 2596 649 2666 ut
679 2579 723 2664 in
754 2582 816 2666 P.
838 2578 1035 2693 virgata,
1073 2581 1241 2690 integra
1269 2581 1341 2666 vol
1371 2581 1693 2696 repando-den-

405 2719 612 2829 ticulata,
641 2727 868 2838 nunquam
898 2718 1102 2827 (lentata,
1118 2739 1166 2807 ut
1189 2719 1232 2806 in
1254 2721 1377 2808 icone
1406 2727 1484 2810 Lo
1505 2722 1694 2840 Biltpl.

354 2845 355 2848 l
406 2894 494 2978 syr.
519 2895 607 2952 rar.
636 2865 730 2954 dee.
752 2893 793 2950 2.
805 2893 858 2979 p.
886 2891 947 2950 rr.
970 2877 1000 2949 t.
1023 2865 1078 2972 6,·
1109 2863 1255 2976 glabra
1283 2864 1355 2951 vel
1388 2867 1618 2980 puberula‚
1651 2885 1695 2952 et

405 3025 509 3090 tunc
530 3007 724 3119 margine
745 3005 912 3114 ciliata,
934 3033 1107 3091 sursum
1136 3007 1310 3113 scabra,
1336 3004 1403 3090 ab
1426 3003 1528 3119 poll.
1547 3005 1690 3120 longa,

407 3149 480 3236 9-5
494 3150 673 3257 lin.lata;
685 3151 870 3238 cautino
889 3149 1081 3260 linearia,
1103 3170 1296 3262 angusta,
1312 3151 1522 3266 adpressa.
1536 3153 1694 3240 Floras

407 3293 510 3398 1-5,
540 3293 730 3402 sessilcs,
760 3291 960 3379 coerulei.
988 3293 1161 3384 Corolla
1181 3291 1396 3406 profunde
1427 3294 1476 3380 5-Ι
1496 3294 1690 3408 partita,

403 3435 574 3521 laciniis
607 3436 855 3550 patentibus
874 3500 888 3541 ,
906 3433 1248 3542 'canaliculatis,
1286 3436 1459 3540 acutis,
1500 3434 1578 3540 5-4
1617 3438 1691 3524 lin.

401 3575 549 3689 longis.
581 3576 791 3682 Stamina
820 3577 912 3662 basi
941 3575 1134 3686 dilatata,
1166 3576 1326 3664 corolla
1355 3576 1568 3664 breviora.
1598 3579 1689 3667 Pi-

404 3715 574 3806 stillnm
612 3707 984 3833 corolla-aequale
999 3785 1011 3826 ‚
1051 3719 1307 3806 staminibus
1334 3719 1535 3832 longior3
1577 3721 1690 3835 stylo

401 3857 622 3969 violaceo,
637 3857 851 3967 filiformi,
871 3878 968 3975 post
988 3860 1204 3950 antbesim
1226 3859 1448 3972 elongato;
1478 3861 1687 3974 stigmate

402 4003 688 4117 pubescente,
718 4001 911 4112 clavato,
934 4001 1204 4115 ferrugineo,
1235 4001 1355 4115 apice
1383 4001 1461 4086 vix
1485 3999 1683 4109 2-5-fido,
1750 4019 1752 4024 ’

400 4145 568 4235 laciniis
596 4148 873 4254 incrassatis,
912 4174 998 4232 non
1029 4144 1208 4232 setaccis
1245 4163 1294 4229 ut
1325 4145 1370 4230 in
1400 4145 1530 4231 citata
1561 4145 1687 4232 icone
1807 4159 1812 4172 '

400 4291 479 4376 La
508 4286 620 4378 Bill.
657 4287 856 4407 Capsulo
876 4290 1099 4400 angulata,
1131 4290 1299 4394 scabra,
1330 4287 1546 4374 turbinata
1556 4331 1573 4394 ,·
1601 4288 1683 4374 tri·

397 4427 632 4536 iocularis,
662 4429 780 4547 poris
808 4430 948 4517 tribus
976 4428 1225 4516 lateralibus
1255 4427 1491 4516 dehiscens.
