4530 5736
595 512 674 601 268

635 697 841 796 quantes,
883 676 1170 791 glabriusculi.
1207 670 1385 788 Colycis
1419 673 1564 761 foliola
1591 672 1805 782 linearia,
1855 679 1928 764 ob-

633 841 754 928 tusa,
788 849 1006 925 concava,
1040 818 1160 903 n-lin.
1194 818 1348 930 longa,
1385 818 1627 929 petalorum
1655 849 1797 931 ungue
1826 823 1927 907 snb-

599 993 604 1010 ·
634 965 866 1068 breviora,
896 961 993 1074 pilis
1023 958 1198 1044 stellatis
1226 960 1291 1043 uti
1320 957 1423 1043 folia
1452 975 1599 1064 tecta,
1642 960 1729 1047 duo
1762 961 1925 1048 alterna

638 1107 730 1192 basi
762 1106 1024 1192 subsaccata.
1055 1101 1224 1189 Patala
1249 1103 1414 1212 integra
1426 1165 1442 1205 ,
1471 1099 1604 1186 limbo
1631 1103 1758 1215 plano
1778 1125 1924 1190 rotun-

631 1245 731 1331 dato
752 1273 836 1330 non
858 1244 1149 1353 emarginat0,
1179 1239 1398 1352 calycibus
1419 1238 1553 1356 duplo
1580 1242 1782 1354 longiora.
1815 1247 1925 1332 Sili-

634 1385 762 1472 colae
791 1383 1028 1494 oblongae,
1070 1380 1386 1494 pubescentes,
1420 1411 1442 1466 n
1472 1381 1545 1490 lin.
1575 1384 1755 1493 longae,
1787 1388 1925 1473 valvis

637 1529 862 1633 concavis,
885 1524 1190 1629 subcarinatis,
1213 1527 1325 1642 styb
1353 1526 1529 1611 demum
1557 1524 1648 1610 fere
1679 1525 1810 1643 duplo
1831 1531 1926 1617 bre-

637 1669 845 1754 vioribus.
882 1669 1005 1760 Odor
1031 1671 1162 1756 totius
1190 1670 1361 1784 plantae
1378 1667 1530 1788 ’gravis
1557 1668 1724 1753 fumum
1753 1691 1923 1783 putens,

534 1805 536 1810 ’
634 1827 676 1894 et
698 1839 823 1924 sapor
846 1839 1019 1925 quoque
1041 1839 1296 1919 nauseosus,
1319 1808 1383 1895 uti
1403 1812 1491 1923 jam
1510 1809 1574 1901 Cl.
1597 1811 1812 1902 Columna
1834 1813 1861 1898 l.
1884 1845 1922 1900 c.·

635 1956 813 2040 notavit.

754 2095 929 2206 Species
958 2092 1235 2206 praecedenti
1266 2093 1439 2201 affinis,
1469 2113 1512 2179 et
1539 2095 1682 2180 forsan
1710 2125 1811 2214 cum
1852 2097 1923 2182 illa

642 2233 856 2340 confusa3
887 2232 962 2318 sod
986 2233 1140 2318 habitu
1170 2251 1212 2319 et
1242 2232 1443 2320 indicatis
1472 2232 1794 2321 characteribus
1822 2264 1924 2348 pro-

645 2373 716 2457 cul
747 2372 881 2458 dubio
911 2373 1147 2479 distincta,
1179 2392 1221 2458 et
1249 2371 1416 2458 cultura
1443 2398 1713 2484 permanens.

528 2656 741 2744 Anrsscu
771 2688 1104 2748 nnncannusn.
1147 2662 1265 2750 Nob.

755 2949 794 3032 A
827 2944 1022 3031 caulibus
1060 2944 1154 3030 basi
1194 2945 1519 3057 suffruticosis,
1563 2948 1675 3036 foliis
1715 2954 1915 3072 oblongo-

644 3089 896 3175 lanceolatis
931 3088 1107 3198 integris
1127 3090 1195 3175 vel
1227 3088 1627 3202 repando-dentatis
1659 3095 1812 3178 incano
1826 3160 1838 3200 ,
1862 3115 1923 3179 to
2070 3107 2072 3110 ’

642 3228 869 3334 mentosis,
904 3230 1088 3313 racemis
1118 3229 1352 3339 elongatis,
1382 3230 1536 3343 petalis
1564 3223 1920 3338 semibifidis,si-

642 3369 782 3456 liculis
811 3370 1305 3484 subrotundo-elliptiois
1333 3371 1516 3484 glabris,
1562 3372 1745 3462 valvulis
1785 3377 1921 3490 planis

644 3509 945 3622 glaberrimis,
982 3511 1132 3596 loculis
1173 3509 1480 3627 5-4-spe'rmis,
1528 3513 1764 3604 seminibus
1808 3547 1922 3603 com-

644 3650 803 3764 pressis
835 3652 1097 3761 marginatis.
1364 3671 1366 3675 ’
1572 3663 1576 3668 ’

758 3790 816 3875 Ic.
851 3802 1001 3877 nostra
1031 3805 1058 3876 t.
1088 3809 1166 3906 47.

757 3933 809 4018 In
843 3934 1022 4046 rupibus
1049 3935 1252 4023 calcareis
1271 3936 1501 4022 maritimis
1528 3940 1760 4050 Iapygiam
1797 3933 1919 4055 Oopo

647 4073 697 4158 di
725 4077 911 4183 Leuca,
953 4077 1196 4193 Gallipoli,
1233 4078 1397 4168 Castro.
1484 4103 1487 4110 ’

756 4216 933 4329 Aprili,
964 4221 1097 4330 Majo.
1132 4221 1169 4320 ἢ

759 4353 901 4469 Radia
928 4362 1194 4472 sublignosa,
1224 4382 1442 4469 tortuosa,
1464 4369 1578 4453 inter
1607 4397 1716 4457 saxa
1744 4371 1920 4458 descen-

650 4499 768 4586 dens·
810 4502 973 4588 Ocules
998 4506 1165 4610 erecti,
1191 4507 1285 4594 basi
1313 4509 1570 4598 suffruticosi
1597 4543 1646 4597 ac
1666 4513 1921 4599 rudimentis

646 4642 848 4730 foliorum
881 4644 1054 4751 vestiti,
1088 4648 1265 4756 incani,
1296 4651 1579 4767 semipedales
1613 4655 1684 4742 vel
1720 4655 1917 4770 pedales,
