4530 5736
646 425 727 518 260
818 455 825 476 ·

693 601 872 690 niculati
893 603 1028 689 ramis
1049 599 1303 690 dichotomis
1332 599 1579 690 multifloris
1613 605 1788 692 bractea
1807 607 1971 697 lineari

699 743 912 851 suffultis,
944 744 1126 832 corollae
1154 743 1277 830 fauce
1299 742 1630 857 appendiculata
1649 747 1855 847 laminula
1875 753 1971 840 alba

697 886 850 974 lineari
893 887 938 972 in
978 885 1122 974 medic
1150 885 1252 972 labii
1283 885 1516 998 superioris
1558 887 1683 974 fauce
1713 891 1971 981 imminente

694 1033 896 1140 inserta,
941 1029 1194 1118 staminibus
1235 1029 1432 1115 exsertis.
1478 1029 1626 1117 Smitt
1653 1033 1711 1142 fl.
1737 1066 1804 1149 gr.
1824 1067 1898 1153 pr.
1930 1072 1968 1126 2.

684 1207 738 1292 p.
768 1177 878 1291 437.
909 1203 964 1262 ax
993 1169 1109 1260 loco!
1139 1169 1267 1258 Poir.
1298 1171 1402 1257 dict.
1432 1200 1525 1258 eno.
1556 1203 1685 1289 supp.
1716 1178 1758 1262 5.
1770 1209 1822 1294 p.
1848 1183 1940 1267 118.

802 1325 842 1409 S.
866 1318 1030 1422 lucida,
1062 1313 1271 1402 Marsolt.
1289 1315 1346 1428 fl.
1367 1315 1529 1400 tamin.
1551 1345 1676 1404 coac.
1706 1320 1745 1406 3.
1774 1353 1827 1438 p.
1848 1325 1965 1432 416,
1990 1373 1994 1380 ·

693 1496 749 1550 ex
777 1462 1072 1550 observatione
1100 1456 1145 1542 in
1174 1486 1263 1572 qua
1291 1473 1464 1542 notatur
1495 1487 1530 1579 γι)
1559 1459 1718 1549 labello
1745 1463 1967 1555 albicante

693 1623 735 1696 et
784 1602 1000 1694 Iamiaala
1032 1601 1136 1689 alba
1188 1601 1339 1686 baseos
1385 1598 1496 1686 labii
1544 1603 1786 1717 superioris
1815 1610 1965 1722 fauce

694 1749 947 1836 imminente
976 1742 1204 1857 variegata
1238 1771 1265 1826 n
1295 1743 1441 1866 potius
1468 1744 1524 1832 ad
1557 1745 1704 1857 hanc,
1746 1777 1877 1862 quam
1910 1753 1965 1837 ad

692 1894 738 1980 S.
769 1891 965 1980 lucidam
994 1905 1168 2002 spectat.

796 2035 853 2120 Ic.
883 2047 1031 2125 nostra
1060 2046 1089 2118 t.
1118 2033 1200 2132 45.

882 2177 1021 2267 Siata
1043 2177 1100 2290 fl.
1131 2208 1195 2292 gr.
1226 2193 1254 2264 t.
1286 2179 1384 2266 602.
1419 2205 1476 2265 ex
1504 2176 1648 2292 prodr.

798 2323 849 2410 In
880 2319 1061 2406 collibus
1091 2319 1253 2428 aridis,
1283 2337 1325 2404 et
1354 2313 1544 2408 arenosis
1583 2318 1814 2440 maritimis
1832 2323 1958 2414 lonii.

796 2467 950 2577 Majo,
980 2464 1124 2550 lunia.
1152 2468 1193 2574 2(
1220 2463 1327 2563 eth

797 2608 958 2701 Carales
991 2605 1148 2718 virgati
1168 2585 1304 2714 {basi
1333 2606 1587 2724 caespitem,
1632 2608 1957 2725 subtetragoni‚

679 2745 934 2866 glaberrimi.
964 2747 1102 2836 Folia
1129 2752 1312 2836 obscure
1340 2749 1560 2836 virentia:
1589 2750 1756 2837 laciniis
1784 2783 1960 2868 praece-

682 2895 800 3007 denti
830 2889 1073 2978 simillimis.
1104 2889 1303 2980 Racemt
1335 2893 1551 3003 elongati:
1575 2897 1709 2984 ramis
1738 2898 1960 2986 inferiori·

671 3035 757 3122 ‘bus
810 3033 1069 3120 dichotomis
1106 3031 1380 3139 multifloris,
1436 3033 1731 3147 glaberrimis,
1779 3041 1959 3128 ramulis
2010 3095 2012 3098 -

680 3175 994 3292 approximatis
1034 3203 1121 3260 non
1170 3193 1220 3263 ut
1271 3176 1334 3260 in·
1369 3175 1654 3290 praecedente
1694 3176 1958 3267 divaricatis.

674 3319 832 3408 Floras
860 3321 906 3406 in
934 3317 1198 3406 dichotomia
1229 3311 1421 3427 sessilesi
1451 3320 1522 3406 vel
1542 3313 1788 3435 pedunculo
1816 3303 1959 3425 54-Ιί-

674 3461 793 3549 neari
821 3459 1031 3546 instructi.
1069 3459 1267 3553 Corollae
1297 3491 1346 3547 ac
1376 3462 1587 3552 Stantina
1623 3479 1673 3546 ut
1707 3463 1752 3548 in
1781 3490 1956 3579 praeoe-
2005 3571 2012 3578 ,

676 3605 839 3712 dente3
874 3622 1022 3688 tamen
1050 3603 1281 3718 appendix
1300 3630 1385 3688 non
1408 3603 1733 3689 staminifcrmis
1761 3605 1837 3692 sed
1857 3633 1959 3691 con-

672 3765 788 3833 stans
817 3773 874 3830 ex
903 3743 1113 3832 laminula
1147 3745 1290 3834 albida
1330 3749 1376 3833 in
1409 3745 1555 3832 madio
1594 3745 1698 3832 labii
1738 3745 1956 3834 inferioris

670 3902 685 4002 (
716 3889 947 4005 superioris
980 3917 1039 3977 ex
1068 3890 1188 4002 situ)
1222 3888 1590 4005 longitudinaliter
1619 3889 1813 3996 adnata,
1865 3918 1953 3977 non

671 4033 809 4123 libera
844 4031 972 4120 utin
1004 4032 1304 4147 praecedente.

782 4175 1068 4310 Synonymcn
1083 4241 1096 4283 ,
1141 4179 1180 4263 S.
1203 4173 1423 4260 orientalis
1463 4172 1794 4288 chrysanthemi
1821 4173 1954 4280 lolio,
2096 4210 2102 4226 ·

667 4316 774 4405 flore
794 4317 976 4403 minimo
996 4323 1243 4431 variegato,
1273 4322 1437 4412 Toum.
1459 4345 1543 4405 cor.
1567 4351 1605 4438 9.
1627 4336 1676 4404 nt
1696 4316 1844 4412 Smilla
1864 4319 1891 4404 l.
1915 4351 1951 4406 o.

676 4459 902 4574 opinatur,
931 4460 988 4547 ad
1008 4451 1121 4546 hano
1142 4459 1332 4576 speciem
1362 4477 1526 4574 spectat
1553 4489 1609 4544 ex
1639 4461 1951 4577 descriptione;

616 4653 631 4670 -
670 4601 744 4687 sed
778 4602 840 4687 Cl.
869 4601 1119 4689 Marscdal
1144 4603 1189 4687 in
1204 4603 1260 4714 fl.
1289 4615 1402 4688 coar.
1426 4629 1604 4714 caucos.
1633 4629 1674 4688 a.
1695 4631 1747 4718 p.
1767 4604 1860 4722 78,
1894 4630 1952 4688 ex
