4530 5736
1588 509 1669 626 259

556 681 615 766 Ic.
647 693 798 766 nostra
827 691 857 764 t.
886 696 972 781 44.
1023 675 1027 682 ’
1297 774 1303 788 ‚

636 820 772 911 erl.
793 825 860 910 H.
876 822 982 908 Ber.
1000 850 1032 907 a.
1046 851 1096 937 p.
1115 821 1188 909 58.
1211 833 1240 904 t.
1258 818 1319 904 58
1333 817 1381 926 i,
1413 847 1468 904 ex
1498 819 1624 909 torro
1644 821 1673 906 l.
1685 851 1722 910 c.

555 965 607 1052 In
650 963 852 1080 glareosis
888 965 1089 1051 calcaneis
1131 991 1157 1048 a
1183 962 1359 1073 regione
1388 962 1618 1078 subalpina
1645 965 1721 1051 ubi

442 1107 598 1202 Pinus
617 1108 850 1223 Maghas,
872 1106 1125 1196 Artemisia
1145 1106 1346 1223 spicata,
1369 1105 1603 1195 Sibbaldia
1612 1139 1723 1224 pro-

440 1249 651 1339 cumbens
684 1279 745 1336 ec.
776 1265 1010 1362 vegetant,
1039 1275 1197 1363 usquc.
1214 1246 1271 1333 ad
1291 1245 1541 1336 demissiore
1561 1250 1723 1365 ubique
1752 1321 1754 1326 ,

377 1462 385 1468 .
421 1391 616 1508 UAprutii
643 1407 791 1480 monte
819 1390 1021 1477 occurrit.

553 1507 692 1638 tuno,
721 1533 929 1646 Augusto.
957 1541 997 1642 a
1024 1529 1161 1630 vua

557 1672 724 1762 Ocules
771 1673 1031 1790 caespitosi,
1081 1671 1216 1758 erecti
1258 1672 1331 1760 vel'
1370 1670 1717 1782 adscendentes,

438 1816 573 1932 glabri
601 1814 674 1902 vel
700 1817 995 1931 pubescentes.
1026 1814 1164 1902 Folia
1191 1812 1337 1902 lucide
1366 1813 1579 1902 virentia:
1611 1815 1719 1903 laci-

436 1960 538 2050 niae
567 1958 700 2075 duplo
719 1959 1019 2074 praecedentis
1045 1956 1214 2044 laciniis
1235 1956 1528 2068 angustiores,
1551 1977 1717 2067 acutae,

439 2119 587 2214 argute
617 2099 801 2205 incisae,
831 2081 1052 2215 nunquam
1079 2096 1409 2210 glaucescentes.
1444 2097 1601 2187 Floras
1633 2099 1718 2187 mi-

434 2271 562 2330 nores
573 2307 587 2352 ,
609 2241 778 2333 corollis
799 2229 1066 2356 sanguineis,
1086 2242 1282 2353 margine
1302 2224 1423 2338 albis.
1442 2242 1717 2330 Corollamm

435 2386 656 2504 appendix
704 2415 772 2472 1-1
807 2395 823 2477 ὲ
853 2387 929 2473 lin.
958 2386 1110 2500 longa,
1152 2383 1247 2470 basi
1296 2382 1480 2470 corollae
1526 2387 1715 2494 inserta,

297 2507 300 2516 ’
436 2528 736 2623 rudimentum
765 2529 908 2642 quinti
941 2527 1135 2615 staminis
1167 2527 1394 2614 mentiens.
1435 2528 1617 2645 Calycis
1648 2529 1716 2616 fo·
1820 2559 1825 2570 ’

435 2668 537 2755 licla
555 2667 910 2780 albo-marginata
922 2731 936 2775 ,
958 2667 1145 2782 capsulis
1172 2666 1304 2785 triplo
1324 2669 1537 2756 breviora.
1567 2669 1715 2756 Rami

434 2807 665 2923 paniculae
707 2809 951 2896 evidentius
990 2807 1445 2924 glanduloso-pilosi,
1484 2809 1712 2924 bipartiti,

432 2979 660 3064 nunquam
688 2948 956 3054 dichotomi,
998 2952 1192 3062 remoti3
1237 2941 1417 3038 ramulis
1458 2949 1715 3038 divaricato-

416 3094 693 3208 ,patentibus
741 3090 944 3178 Gomllae
972 3092 1261 3202 sanguineae,
1288 3092 1483 3207 margine
1511 3093 1710 3202 albidae,

434 3231 731 3347 praecedentis
760 3231 928 3318 corollis
957 3230 1104 3346 paullo
1125 3233 1325 3325 minores.
1361 3234 1562 3348 Capsula
1591 3255 1640 3323 ut
1670 3235 1715 3318 in

434 3372 733 3487 praecedente.
766 3372 951 3462 Semina
981 3371 1193 3482 oblonga,
1223 3392 1643 3486 corrugata-rugosa.

548 3517 618 3606 An
645 3513 754 3602 haec
784 3511 839 3600 sit
867 3541 972 3600 vcra
1000 3516 1046 3600 S.
1068 3513 1297 3632 multifida
1331 3519 1410 3604 W
1403 3515 1466 3602 ill.
1498 3513 1712 3602 affirmare

431 3687 519 3745 nou
547 3685 746 3772 mesum,
777 3685 878 3742 cum
905 3687 987 3744 ncc
1008 3658 1179 3745 iconem
1206 3689 1287 3744 nec
1309 3657 1545 3775 specimina
1575 3661 1714 3745 exsic-

327 3811 345 3889 ’,
429 3820 526 3888 cata
546 3798 687 3888 adhuc
707 3799 907 3888 viderim.
937 3801 1140 3888 Judiccnt
1161 3793 1238 3916 qui
1260 3817 1467 3917 utrasque
1489 3802 1711 3890 consulere

427 3963 643 4059 pctenmt.

304 4227 665 4324 'Scauruunaam
693 4257 920 4319 arccana.
950 4229 1094 4317 Siata.

540 4519 581 4606 S.
596 4515 710 4604 foliis
737 4447 1006 4628 glaiterrimis
1033 4511 1344 4629 bipinnuifidis
1366 4513 1711 4629 tripinnatifidis-

431 4687 518 4774 que
531 4723 546 4767 ,
586 4657 754 4746 laciniis
783 4677 933 4770 argute
962 4655 1106 4743 incisis
1136 4658 1407 4768 angustatis,
1439 4657 1603 4744 racemi
1632 4687 1710 4776 pa-

1234 4794 1258 4837 ἡ
