4530 5736
1559 429 1661 588 ¹253

433 667 676 754 observatis
697 681 740 756 et
768 665 1015 758 delineavit.
1045 645 1233 753 Indead
1259 665 1373 752 hanc
1402 657 1566 779 spectat
1585 694 1715 779 syno-

429 835 595 918 nymon
615 807 815 894 Bocconi
835 806 1032 920 superins
1054 807 1260 917 allatum,
1281 807 1401 921 quod
1419 810 1509 921 jam
1528 807 1591 898 Cl.
1606 807 1712 894 Biv.

431 945 460 1032 l.
477 976 513 1034 c.
544 947 599 1034 ad
627 950 688 1034 L.
717 947 1000 1036 reticulatam
1029 947 1363 1058 amandaverat,
1384 979 1483 1037 nam
1512 952 1574 1039 L.
1602 947 1715 1036 mat

429 1087 643 1176 ticoulem
679 1120 765 1176 non
795 1089 937 1176 solum
973 1091 1018 1175 in
1054 1090 1198 1178 Sicilia
1227 1090 1370 1176 adhuc
1408 1121 1494 1180 non
1531 1091 1712 1199 inveni,

429 1232 506 1318 sed
541 1230 689 1344 planta
725 1231 925 1320 Bocconi
959 1232 1016 1319 ad
1044 1231 1155 1318 hanc
1184 1232 1372 1347 speciem
1396 1234 1588 1322 minime
1618 1265 1715 1351 spe-

435 1394 547 1461 ctare
587 1392 763 1490 potest,
806 1391 854 1460 ut
884 1405 940 1462 ex
970 1375 1259 1488 descriptione
1286 1391 1418 1490 patet.
1454 1379 1618 1466 Forsan
1652 1383 1713 1467 L.

468 1515 734 1631 stemptytta
753 1517 913 1632 Dens„
944 1547 1053 1632 quaa
1084 1536 1148 1605 est
1168 1521 1226 1608 L.
1249 1517 1535 1634 aparimides
1560 1517 1711 1625 Wll,

503 1676 621 1744 ostra
642 1661 783 1773 specie
811 1689 898 1746 non
928 1659 1132 1768 diversa,
1177 1659 1252 1746 sad
1280 1660 1432 1746 habitu
1460 1691 1510 1748 ac
1540 1690 1711 1750 racemo

537 1827 573 1881 o
601 1801 840 1914 obtusoque
869 1799 1189 1912 quodammodo
1219 1799 1375 1890 differt.

608 2114 655 2172 ‘sa
684 2111 930 2176 stantona.
959 2081 1123 2176 Ueris.

669 2378 736 2465 'iis
768 2379 1216 2502 lineari-lanceolatis,
1257 2374 1537 2464 inferioribus
1574 2370 1710 2458 ternis

709 2551 720 2594 s
741 2517 939 2624 alternis,
961 2514 1137 2605 floribus
1154 2517 1399 2623 racemosis,
1422 2511 1631 2627 calycinis
1651 2509 1713 2597 fo-
1849 2506 1863 2524 ”

735 2661 983 2772 ‘oso-pilosis
1012 2659 1405 2747 ovato-lanceolatis
1424 2653 1711 2744 acutiusculis.

777 2802 874 2888 tin.
896 2832 1008 2918 opus
1035 2802 1139 2888 add.
1169 2833 1212 2888 n.
1239 2831 1301 2916 17·
1337 2799 1472 2893 Witt.
1500 2828 1565 2914 sp.
1585 2797 1654 2914 pt.
1669 2797 1711 2884 3.

814 2977 885 3032 νη.
917 2946 1146 3058 2.p.158.
1179 2945 1305 3032 Poir.
1338 2943 1442 3031 dict.
1463 2971 1556 3030 enc.
1583 2971 1711 3060 supp.
1806 3057 1816 3074 ,

843 3119 863 3171 ·.
891 3115 981 3200 aeg.
1010 3115 1050 3170 a.
1077 3114 1128 3200 p.
1155 3087 1257 3207 798.

882 3259 928 3314 m
952 3228 1128 3314 linarias
1147 3227 1279 3331 flore,
1298 3224 1709 3340 candido-pallanta

909 3371 1038 3488 soph.
1065 3372 1143 3458 sic.
1170 3398 1203 3455 t.
1238 3383 1266 3454 t.
1299 3369 1371 3483 73.

784 3589 796 3599 .
839 3565 880 3598 s„
918 3512 975 3599 ad
1013 3538 1160 3598 muros
1194 3510 1454 3617 Calabriae3
1502 3506 1708 3630 Reggio,

426 3661 614 3742 asi-acolt.
1765 3657 1772 3670 “

450 3909 452 3917 Ι
534 3797 720 3904 Martio,
751 3801 973 3914 Apollas
1107 3819 1109 3824 ’

537 3939 702 4029 Ocules
723 3941 1096 4048 suffintescentes,
1118 3940 1348 4054 simplices,
1370 3943 1541 4045 ramosi,
1565 3935 1703 4044 solidi,
1798 3919 1808 3938 ³

419 4081 527 4164 recti
555 4080 626 4166 vel
654 4081 868 4188 flexuosi,
909 4085 1061 4205 leves,
1106 4081 1386 4194 glaberriini,
1425 4084 1606 4168 obscure
1642 4079 1706 4164 vi-

417 4242 582 4331 rentes,
609 4253 626 4310 1
659 4233 679 4322 ÷
706 4223 762 4310 ad
785 4226 963 4339 a-pedes
982 4226 1071 4312 alti.
1091 4223 1236 4313 Romi
1267 4255 1321 4310 ex
1343 4219 1485 4307 axillis
1504 4221 1705 4308 foliorum

418 4370 551 4454 erecti
571 4369 642 4455 vel
662 4363 1004 4476 adscendentes,
1034 4387 1229 4455 ceterum
1262 4366 1375 4452 cauli
1410 4365 1581 4452 similes.
1617 4369 1705 4452 Fo-

420 4507 485 4593 lia
516 4511 828 4625 personantia,
859 4510 1179 4627 dependentia,
1208 4506 1516 4619 integerrima,
1547 4524 1700 4613 acuta,

417 4677 543 4765 supra
573 4652 974 4761 subcanalioulata,
1020 4654 1169 4741 subtus
1199 4679 1393 4738 convexa
1406 4715 1420 4757 ‚
1449 4649 1585 4758 levia,
1616 4647 1702 4760 gla-
