4526 5734
1555 534 1642 625 -147

529 687 594 773 Io.¹
619 682 799 772 Bolmt's
819 683 874 770 111
899 686 1079 800 Agave,
1092 713 1145 801 p.
1169 685 1268 809 295.
1296 695 1327 770 t.
1365 713 1413 791 1,·
1435 687 1548 772 mala
1577 686 1722 800 quoad

416 855 606 943 scapum.
1057 865 1066 874 ’
1675 876 1683 886 -

613 971 718 1056 Aloe
747 970 850 1056 folio
878 987 1146 1056 mucronato.
1175 969 1288 1056 Lot.
1320 968 1373 1054 io.
1390 969 1497 1083 374.

528 1111 577 1197 lu
611 1109 813 1196 Calabria
841 1109 1062 1218 orientali,
1094 1110 1139 1195 in
1168 1111 1374 1224 iapygia,
1405 1136 1485 1194 nec
1524 1138 1612 1194 non
1649 1106 1695 1190 in

415 1254 510 1340 aliis
556 1254 807 1367 regionibus
859 1251 1092 1340 maritimis
1131 1249 1262 1366 hujus
1305 1252 1426 1364 regni
1467 1248 1523 1336 ad
1573 1278 1695 1364 sepes

419 1397 681 1484 extruendas
710 1425 824 1484 nunc
854 1396 1067 1511 indigena.
1109 1469 1114 1474 .

529 1540 685 1646 lunio,
715 1539 842 1626 Julio.
872 1547 910 1649 tt

532 1679 757 1796 Capeulae
784 1680 1018 1792 oblongae,
1050 1679 1356 1792 subtrigonae,
1390 1659 1695 1790 a-pollioares,

416 1841 595 1928 acutae3
627 1821 976 1933 senam-nigra,
1007 1848 1280 1936 compresse,
1323 1816 1696 1904 semiorbicalaria.

530 1967 811 2080 Quamquam
839 1961 947 2049 haec
976 1947 1141 2076 species
1176 1961 1221 2044 in
1260 1961 1415 2046 nostris
1454 1961 1700 2074 regionibus

419 2103 745 2192 mediterraneis
774 2106 828 2190 sit
865 2103 1029 2218 ubique
1064 2101 1220 2208 obvia,
1260 2119 1406 2188 tamen
1444 2102 1558 2189 inter
1599 2104 1702 2188 alias

419 2247 761 2374 enumerandam
783 2275 872 2334 esse
893 2248 1069 2363 putavi,
1091 2264 1142 2333 ut
1157 2245 1417 2361 multiplices
1439 2247 1701 2331 oeconomici

421 2379 554 2497 usus,
586 2421 692 2504 quos
721 2393 767 2476 in
795 2389 995 2478 Calabria
1024 2407 1066 2473 et
1095 2387 1140 2472 in
1168 2387 1351 2502 iapygia
1377 2385 1531 2496 habet,
1570 2375 1722 2498 magis
1795 2451 1848 2496 .·
1920 2323 1924 2330 Ι

423 2553 759 2648 cognoscantur,
789 2562 869 2650 pm
899 2533 1058 2648 quibus
1086 2534 1130 2618 in
1165 2531 1305 2617 aridis
1341 2557 1390 2618 ac
1427 2527 1706 2618 sterilissimis

425 2674 606 2762 collibus
649 2676 822 2763 illarum
863 2676 1090 2787 regionum
1108 2669 1109 2672 ‘
1129 2679 1253 2790 prac'
1276 2672 1495 2762 Phormio
1531 2653 1704 2775 tenaci,

425 2817 525 2904 solis
545 2818 837 2908 ardentissimi
864 2817 1138 2936 impatienti,
1161 2834 1205 2902 et
1234 2816 1280 2901 in
1309 2816 1434 2920 siccis
1458 2813 1578 2900 haud
1597 2817 1708 2902 bene

425 2965 718 3076 provenienti,
759 2964 906 3051 utilior
943 2981 1060 3049 certe
1090 2980 1165 3050 est.
1194 2962 1326 3078 Sepes
1363 2959 1711 3076 impenetrabiles

433 3105 619 3210 format,
651 3122 693 3191 11
722 3104 942 3191 luxuriose
971 3121 1140 3216 vegetat
1179 3104 1309 3190 etiam
1353 3101 1398 3187 in
1435 3103 1712 3190 sterilissimis
1840 3117 1844 3130 ’

429 3249 621 3334 collibus.
649 3249 772 3361 Scapi
801 3265 976 3362 peracta
1006 3245 1278 3333 florescentia
1304 3245 1360 3333 ad
1392 3249 1565 3360 tuguria
1609 3274 1713 3332 con-

430 3385 612 3500 tegenda
641 3388 896 3474 inserviunt.
927 3389 996 3472 Ex
1025 3385 1138 3474 foliis
1159 3385 1230 3472 fila
1258 3407 1496 3502 parantur,
1528 3387 1724 3476 diversis

431 3530 635 3644 operibus
668 3529 931 3636 textilibus,
965 3561 1015 3616 ac
1054 3528 1231 3616 floribus
1272 3530 1566 3617 artificialibus
1587 3529 1714 3615 conli-

432 3673 595 3760 ciendis
620 3663 788 3780 idonea.
824 3673 872 3760 ln
904 3676 1113 3789 Iapygia,
1134 3673 1462 3788 praesertimin
1497 3673 1629 3780 Orio,
1651 3675 1715 3760 fu-

433 3843 509 3900 nes
535 3813 850 3924 coniiciuntur3
889 3814 963 3930 qui
1003 3815 1298 3924 tenacissimi,
1339 3814 1479 3922 leves,
1514 3844 1592 3899 nee
1623 3831 1717 3900 mae

431 3953 592 4042 delecti
619 3957 866 4068 rigescunt,
899 3957 971 4043 vel
999 3955 1162 4045 diutius
1192 3959 1237 4042 11
1263 3984 1379 4074 aqua
1412 3955 1632 4062 immersi,
1667 3974 1717 4040 nt

431 4096 493 4185 illi
524 4125 580 4180 111
613 4095 696 4182 filis
728 4099 979 4184 cannabinis
1022 4099 1242 4208 contexti,
1284 4101 1349 4185 111
1387 4097 1513 4184 111111
1551 4126 1718 4182 marce·

431 4260 566 4328 scunt.
596 4242 735 4356 Prope
763 4241 996 4354 Rhegium
1022 4240 1189 4348 Oleae,
1218 4271 1328 4358 quae
1356 4243 1523 4332 steriles
1559 4267 1609 4326 ae
1638 4241 1718 4328 ari-

406 4383 631 4498 ·dissimos
659 4413 858 4472 arenosos
885 4384 1014 4474 colles
1034 4388 1247 4492 vestiunt,
1277 4387 1359 4476 hac
1380 4386 1524 4503 planta
1552 4402 1719 4470 susten-

433 4502 611 4613 tantur:
643 4527 806 4615 idcireo
838 4527 940 4614 folia
968 4527 1012 4612 in
1042 4527 1221 4615 frustula
1251 4529 1409 4645 pedem
1437 4527 1509 4617 vel
1541 4525 1720 4641 semipe-

433 4667 536 4756 dem
546 4654 685 4795 xxbinga
706 4667 963 4757 scinduntur
984 4697 997 4779 ;
1020 4670 1159 4785 Aprili
1179 4672 1442 4758 1111111111
1467 4667 1587 4782 Majo
1607 4685 1725 4752 terra

1350 4814 1373 4858 ἡ
