4540 5736
551 668 670 773 viris
713 665 779 774 de
819 707 875 774 re
900 665 1134 775 botanica
1183 665 1351 772 italica
1376 667 1569 814 optime
1609 669 1805 773 meritis
1846 675 1974 776 Ber-

548 846 728 948 tolonio
762 847 816 948 in
845 845 1062 992 primia,
1112 849 1375 972 Moretti0‚
1426 846 1624 968 Suam,
1675 847 1969 986 TorgioniO,

546 1018 755 1120 Tenorio
791 1044 843 1123 et
876 1023 932 1128 V
926 1025 1114 1122 inienio
1129 1095 1148 1142 ,
1188 1019 1278 1163 qui
1318 1054 1428 1121 suas
1468 1011 1834 1166 bibliothecae,
1887 1019 1968 1125 vel

543 1187 777 1294 herbaria
802 1188 1148 1337 perlustrandi
1175 1188 1300 1294 mihi
1326 1191 1522 1336 copiam
1547 1191 1722 1300 fecere.
1761 1191 1870 1300 Nec
1900 1200 1969 1299 si-

546 1361 704 1470 lentio
720 1365 1153 1513 praetereundum
1176 1391 1269 1494 est,
1289 1386 1533 1511 quantam
1549 1365 1827 1472 utilitatem
1843 1371 1968 1474 mihi

543 1545 916 1688 comparaverit
954 1539 1196 1696 ditissima
1236 1537 1545 1646 bibliotheca
1595 1541 1771 1686 Magni
1810 1545 1968 1652 Ducis

541 1713 819 1845 Hetruriae
859 1713 1168 1820 Fcrdinandi
1206 1718 1328 1843 HJ,
1370 1715 1423 1816 in
1463 1752 1619 1859 quam
1655 1756 1773 1819 cum
1798 1717 1967 1825 aditus

543 1866 669 1994 mihi
719 1888 933 2033 benigne
984 1890 1145 1994 fuerit·
1175 1928 1470 2020 concisum,
1508 1888 1966 2036 splendidissimam

350 2045 357 2059 ⁵
423 2167 426 2186 ,
540 2061 748 2170 Floram
787 2063 1062 2193 Graecam,
1097 2090 1149 2167 et
1178 2064 1445 2168 innumera
1476 2061 1573 2166 alia
1604 2102 1757 2212 opera
1783 2065 1965 2174 datum

540 2235 639 2339 fuit
678 2235 953 2341 consulere.

685 2412 921 2558 Denique
944 2408 1472 2562 monitumlectorem
1497 2409 1613 2517 volo
1643 2415 1697 2515 in
1729 2410 1965 2526 herbario

540 2581 682 2731 quod
706 2585 878 2692 Horto
903 2584 1063 2728 Regio
1087 2583 1322 2691 botanico
1347 2589 1400 2688 in
1428 2585 1781 2731 Boccodffalco
1805 2628 1963 2736 prope

537 2757 853 2864 Panormum
877 2755 1149 2864 addictum·
1167 2785 1264 2888 est,
1280 2760 1561 2904 specierum
1588 2754 1670 2860 hic
1692 2755 1964 2908 descripta·

536 2973 656 3058 rum
679 2960 876 3040 servata
900 2973 1001 3038 esse
1024 2934 1326 3078 specimina,
1353 2933 1425 3036 ita
1450 2958 1510 3035 ut
1534 2933 1574 3035 si
1598 2929 1756 3036 dubia
1782 2944 1961 3080 super-

534 3114 742 3228 veniant
773 3113 906 3216 circa
931 3111 1114 3258 species
1140 3110 1209 3247 'in
1249 3104 1344 3212 hoc
1381 3121 1535 3255 opere
1560 3110 1851 3236 recensitas,
1896 3108 1960 3212 li-

533 3285 715 3394 benter
739 3285 850 3390 illas
883 3284 1112 3434 conferre
1138 3285 1351 3428 quisque
1392 3282 1749 3389 botanicorum
1788 3287 1956 3430 possit.
