4530 5736
1620 458 1718 546 255γ
1885 489 1888 498 ’

430 724 435 737 ,
474 623 537 712 los
574 621 811 712 admodum
850 623 1091 736 excedunt,
1139 644 1242 719 sunt
1282 629 1419 740 magis
1460 629 1752 742 acuminatae,

371 847 377 865 ,
474 787 518 855 et
544 763 637 856 fere
665 767 862 880 glabrae3
893 768 999 858 dum
1026 773 1073 858 in
1099 769 1310 862 varietate
1338 771 1376 870 b.
1405 772 1640 866 verticillos
1666 807 1756 867 non

365 977 370 986 .
473 929 702 1027 superant,
731 927 776 1000 et
794 911 970 1002 illerum
987 914 1267 1028 pubescentia
1286 913 1479 1028 insignis.
1506 918 1620 1004 Hinc
1643 921 1753 1014 nihil

472 1051 639 1154 mirum
658 1053 695 1138 si
714 1053 778 1140 Cl.
807 1053 970 1146 Reicla
1007 1052 1120 1149 hanc
1140 1055 1398 1152 varietatem
1419 1084 1566 1150 coram
1584 1059 1750 1152 habens

450 1197 488 1302 Ι(
509 1193 564 1282 de
605 1221 693 1310 quo
733 1194 905 1282 nullum
947 1194 1131 1282 dubium
1172 1224 1275 1284 cum
1315 1196 1407 1312 ipse
1447 1198 1655 1316 loquatur
1697 1201 1752 1304 de
1903 1211 1908 1225 '

468 1335 618 1450 planta
645 1365 670 1424 n
699 1334 764 1428 Cl.
803 1335 978 1440 Oriciai
1004 1335 1184 1444 habita,
1227 1338 1306 1452 qui
1342 1339 1462 1428 illam
1491 1341 1537 1428 in
1557 1343 1753 1457 ¹Aprutio

471 1474 675 1588 collegit,
717 1505 805 1592 quo
821 1479 880 1566 ,in
907 1477 1011 1580 loco,
1029 1480 1071 1570 S.
1100 1477 1250 1572 hnuto
1277 1505 1365 1568 non
1394 1479 1641 1589 invenitur,
1672 1484 1751 1574 sed

436 1663 441 1672 ·
470 1618 613 1716 solum
640 1617 754 1723 duae
790 1636 1069 1722 enumeratae
1096 1621 1328 1708 varietates
1364 1620 1412 1709 S.
1441 1621 1645 1738 syriacae
1682 1655 1751 1712 oo·

467 1767 688 1873 currunt)
717 1761 880 1849 dixerit
919 1764 966 1848 in
984 1760 1067 1854 Pl.
1097 1762 1192 1852 crit.
1223 1776 1335 1852 cent.
1364 1779 1412 1864 4.
1431 1794 1483 1880 p.
1513 1763 1556 1850 8.
1585 1769 1630 1855 S.
1653 1767 1752 1854 bna-

466 1907 578 1992 tiam
605 1934 631 1993 a
660 1906 708 1990 S.
738 1904 917 2020 syriaca
942 1931 1032 1992 non
1060 1901 1246 2010 differre.
1566 1923 1574 1935 ’
1652 1943 1654 1948 ·

577 2035 700 2137 Folia
735 2047 870 2162 hujus
903 2030 1095 2164 plantae*
1112 2047 1312 2139 nonnihil
1345 2049 1579 2138 aromatica
1611 2070 1746 2156 aunt,

462 2191 648 2308 proinde
686 2191 780 2280 loco
816 2191 1001 2283 Salviae
1037 2189 1273 2308 ffcinalia
1300 2190 1417 2306 apud
1447 2191 1610 2281 incolas
1645 2196 1746 2282 usui

462 2335 633 2426 medico
660 2333 924 2444 inserviunt,
955 2351 999 2422 ot
1025 2333 1174 2449 planta
1199 2335 1295 2447 ipsa
1332 2330 1492 2424 Salvia
1525 2348 1740 2426 montano

462 2508 590 2598 saepe
619 2479 787 2594 saepius
814 2477 1067 2598 appellatur.
1677 2483 1684 2493 ’

350 2769 541 2858 Lautuu
571 2797 956 2886 corcomenon.
992 2772 1098 2856 Ten.

572 3059 623 3144 L.
652 3050 766 3140 foliis
787 3050 974 3140 cordatis
1004 3049 1221 3165 profunde
1250 3050 1634 3138 dentato-crenatio
1654 3080 1743 3140 sca·

458 3193 687 3282 briusculis
708 3193 866 3306 glabris
894 3191 1313 3307 pubescentibusque
1344 3191 1456 3280 laeto
1476 3192 1741 3297 virentibus,

457 3334 683 3424 verticillis
710 3333 952 3424 6-10-floris
964 3399 979 3444 ,
1009 3331 1212 3422 dentibus
1247 3330 1461 3444 calycinis
1492 3331 1743 3420 lanceolatis

458 3479 715 3568 acuminatis
743 3479 926 3568 corollae
953 3477 1063 3566 tubo
1081 3493 1201 3562 recto
1219 3471 1377 3590 ¹calyce
1397 3472 1530 3589 duplo
1550 3475 1741 3588 longiore

459 3613 586 3710 fauce
624 3618 755 3707 dente
800 3623 1010 3735 utrinque
1049 3622 1232 3734 gemino.
1286 3618 1395 3704 Ten.
1429 3615 1487 3732 fl.
1526 3643 1630 3732 nup.
1663 3645 1736 3732 pr.

450 3795 503 3880 p.
534 3765 613 3866 34.

567 3909 628 3995 Ic.
657 3913 708 3998 L.
735 3927 992 3996 montanum
1010 3905 1193 3996 saxatila
1212 3903 1351 3992 [erma
1379 3903 1598 4015 glabrum,
1628 3899 1734 3988 flore

453 4048 597 4173 amplo
624 4077 868 4165 purpureo,
888 4050 1005 4136 labio
1033 4045 1240 4134 inferiore
1263 4043 1499 4133 crenulato.
1535 4043 1639 4130 utu.
1662 4045 1730 4132 Η.

453 4193 556 4282 Pis.
577 4205 604 4278 t.
624 4195 692 4282 31.
696 4193 747 4308 s.
771 4221 808 4304 t,
829 4223 939 4311 quae
959 4191 1016 4283 ad
1035 4192 1290 4280 varietatem
1307 4187 1349 4276 b.
1371 4191 1431 4278 L.
1450 4187 1687 4304 garganici
1706 4217 1732 4272 a

461 4335 566 4424 Ten.
595 4320 796 4426 refertur.

565 4505 607 4565 a.
637 4477 751 4566 foliis
779 4474 1167 4588 cordatooblongis
1194 4472 1328 4584 latis,
1375 4470 1593 4587 profunde
1618 4470 1728 4596 den-

452 4621 759 4712 tato-arcuatia.

1357 4757 1412 4843 50
