4516 5736
458 765 469 786 ⁴
529 673 590 760 Ic.
620 681 771 758 nostra
798 678 829 752 t.
859 667 931 752 25.
989 635 1001 642 ’

523 813 659 900 Inter·
684 827 847 921 segetes
893 825 936 892 et
983 808 1029 892 in
1057 801 1172 890 arvis
1213 799 1424 912 argillosis
1464 794 1690 884 Calabriae

413 953 667 1062 orientalis3
705 957 957 1044 Garamam
974 977 1137 1062 presso
1178 945 1215 1032 il
1226 943 1374 1059 finme
1412 940 1611 1048 Tacina,
1643 940 1687 1027 S.
1803 965 1810 970 ·

414 1095 689 1203 Leonardo,
725 1097 949 1197 Cossano,
977 1085 1291 1178 Francaoillu.

526 1237 678 1351 Maj0,
706 1233 730 1318 J
734 1262 849 1320 unio
880 1232 1021 1340 Θμέ

525 1377 729 1464 Habitus
756 1378 822 1462 A.
853 1375 915 1464 V
897 1399 1109 1484 csnugae
1131 1367 1208 1455 sed
1234 1366 1360 1456 altior
1381 1386 1424 1451 et
1427 1365 1509 1477 so
1489 1365 1596 1454 liolu
1623 1381 1692 1450 te-

415 1519 601 1624 nuiora,
630 1519 766 1629 magis
793 1514 1000 1624 flaccida,
1030 1512 1280 1599 obscuriora
1301 1507 1559 1625 ,floresque
1595 1525 1693 1622 post

415 1660 751 1747 exsiccationem
777 1657 912 1766 lutei,
942 1676 992 1743 ut
1020 1655 1066 1740 in
1084 1657 1253 1742 Dcuco
1280 1683 1442 1759 aurem·
1464 1653 1539 1766 qui
1567 1652 1614 1738 in
1626 1653 1692 1740 A.

414 1806 606 1918 visnugu
636 1834 804 1920 semper
832 1802 933 1908 albi,
954 1818 1004 1887 ut
1023 1800 1070 1884 in
1089 1803 1258 1888 Dcuco
1277 1799 1505 1884 muricato.
1542 1796 1697 1887 Cauiis

270 2057 274 2066 ,
418 1962 612 2052 erectus,
642 1946 840 2051 strictus,
868 1969 1061 2029 ramosus
1074 2002 1088 2047 ,
1121 1939 1398 2053 2-4-pedalis.
1426 1938 1596 2026 Pericli
1624 1967 1697 2023 ca-

418 2087 662 2197 naliculati,
684 2088 834 2173 subtus
863 2085 1009 2170 carina
1031 2083 1180 2206 setulis
1208 2082 1364 2170 albidis
1384 2091 1541 2196 sparsis
1569 2081 1698 2168 obsiti

420 2227 504 2338 (in
532 2229 598 2314 A.
619 2228 811 2341 oisnogu
839 2223 1088 2337 glahcrrimi
1108 2229 1138 2335 ).
1167 2220 1346 2310 Foliolo
1376 2221 1700 2311 setaceo-linea-

421 2371 522 2478 ria,
552 2391 714 2480 acuta,
756 2399 844 2484 non
886 2368 1118 2482 cuspidata
1130 2432 1146 2472 ,
1190 2367 1336 2478 glabra
1365 2365 1437 2452 vel
1465 2365 1567 2452 hinc
1596 2367 1699 2451 inde

424 2510 580 2596 ciliata.
618 2510 827 2625 Vaginae
856 2510 1166 2624 glaberrirnae,
1197 2507 1396 2613 striatas,
1441 2535 1507 2592 1·r
1545 2515 1567 2596 ÷
1599 2507 1699 2621 poll.

422 2650 604 2761 longae,
635 2649 760 2738 laxae
773 2713 788 2760 ,
819 2679 877 2756 ex
905 2647 1291 2754 albido-virentes,
1335 2645 1697 2734 subventricosae.

421 2794 680 2880 Pedunculi
716 2791 926 2906 elongati,
963 2790 1158 2877 carrlibus
1187 2788 1376 2895 similes,
1404 2789 1592 2897 virides,
1633 2789 1705 2876 vel
1749 2803 1757 2814 '

296 3003 301 3010 .
424 2935 505 3018 sub
539 2934 708 3020 anthesi
727 2952 1112 3051 purpurascentes,
1143 2919 1274 3047 apice
1293 2931 1528 3046 aliquando
1557 2929 1707 3018 setulis

423 3073 631 3162 brevibus
672 3075 888 3164 instructi.
924 3077 1226 3164 ,Inoolncrum
1252 3073 1591 3192 polyphyllum,
1635 3071 1708 3158 de-

341 3203 346 3208 *
425 3219 739 3330 compositum,
768 3216 934 3303 laciniis
962 3215 1316 3306 lineari-setaceis
1330 3282 1343 3324 ,
1373 3213 1706 3326 glabriusculis,

425 3352 627 3468 pollicem
668 3356 746 3441 ,νεὶ
788 3357 1133 3472 sesquipollicem
1161 3357 1332 3468 longis3
1383 3375 1426 3442 et
1474 3357 1707 3470 unicuique

425 3493 520 3617 folii
549 3494 759 3610 petiolum
788 3502 938 3584 subtus
969 3499 1194 3602 striatam,
1229 3496 1297 3582 ala
1328 3496 1514 3582 scariosa
1541 3495 1707 3594 umbel-

428 3633 495 3719 lae
514 3633 657 3722 radios
677 3636 769 3722 fere
788 3637 982 3747 vaginat:
1003 3637 1268 3725 incolucella
1286 3636 1521 3725 involucris
1535 3635 1707 3743 similia,

426 3775 594 3882 trifida,
617 3779 781 3864 extima
808 3777 1032 3891 longiora,
1063 3776 1242 3865 floribus
1270 3778 1564 3893 subaequalia.
1602 3783 1710 3867 Um·

427 3913 642 4004 bellarum
660 3919 781 4006 radii
809 3919 974 4025 striati,
1004 3919 1276 4032 glaberrimi,
1297 3918 1442 4026 leves,
1472 3918 1607 4026 recti,
1638 3947 1711 4005 ex·

429 4058 609 4148 teriores
641 4089 663 4146 a
704 4060 803 4175 poll.
836 4062 980 4174 longi,
1019 4060 1244 4147 interiores
1266 4061 1492 4147 breviores
1519 4061 1612 4148 basi
1639 4089 1711 4146 ru-

428 4199 611 4288 bentes:
641 4203 765 4290 rodii
792 4203 1135 4292 umbellulamm
1162 4203 1317 4290 extimi
1344 4203 1536 4318 primum
1571 4207 1682 4292 recti
1693 4269 1708 4316 ,

429 4341 611 4430 demum
637 4347 759 4461 apice
788 4347 991 4451 incurvi,
1020 4343 1185 4459 57¹1ss-
1220 4343 1346 4458 longi.
1375 4345 1532 4436 Floras
1560 4377 1711 4436 omnes

429 4482 620 4592 fertiles,
643 4488 881 4574 exteriores
902 4485 1212 4576 subradiantes.
1233 4490 1431 4574 Fructus
1449 4489 1711 4602 glaberrimi,

432 4625 524 4714 lere
552 4627 790 4743 tetragoni,
820 4629 1070 4738 substricti,
1100 4628 1246 4718 albidi.
1277 4629 1430 4745 Sirius
1460 4629 1681 4717 deciduus.

1289 4791 1334 4868 ¹7
