4530 5736
1613 483 1688 570 261

464 657 659 776 autopsia
690 658 883 745 herbarii
909 656 1203 748 Tournefortii
1240 660 1296 748 ed
1328 661 1373 748 S.
1396 655 1750 774 chrysanthem-

449 800 626 914 soliam
656 817 772 886 certe
793 801 1010 916 pertinere
1042 802 1213 908 asserit,
1235 797 1355 917 quod
1384 800 1617 908 siveram,
1644 817 1749 889 tune

378 987 382 996 ·
466 943 511 1027 S.
528 940 692 1026 bicolor
709 943 794 1028 eS.
815 941 1265 1057 chrysanthemisolia
1294 973 1382 1030 non
1408 939 1621 1052 differret,
1648 973 1749 1029 cum

471 1113 559 1197 qua
586 1087 676 1195 jem
704 1084 934 1195 conjuncta
965 1115 991 1172 e
1022 1083 1085 1172 cl.
1116 1085 1214 1201 Spr.
1248 1087 1293 1172 in
1327 1117 1361 1172 e.
1392 1115 1480 1200 veg.
1503 1116 1544 1172 2.
1567 1117 1620 1202 p.
1637 1085 1742 1202 786.

464 1226 551 1316 Sed
570 1252 626 1311 ex
659 1225 951 1341 descriptione
971 1226 1034 1314 Cl.
1056 1225 1268 1315 Marselz.
1292 1225 1321 1312 l.
1343 1253 1379 1312 0.
1404 1226 1487 1314 vol.
1509 1229 1551 1315 3.
1564 1258 1614 1344 p.
1637 1227 1746 1332 416,

464 1386 508 1452 et
532 1365 668 1457 thl.
684 1371 750 1456 H.
766 1369 870 1457 Ber.
892 1371 945 1456 ic.
965 1395 998 1453 ι.
1009 1397 1062 1486 p.
1084 1367 1154 1488 59.
1167 1363 1396 1482 panicula
1420 1380 1489 1454 est
1497 1368 1676 1480 foliosa
1700 1370 1746 1453 in

465 1511 512 1595 S.
537 1507 1011 1626 cheys‘anthemzfolia‚
1046 1504 1165 1623 quod
1197 1510 1420 1596 innostra
1452 1507 1633 1594 minime
1664 1510 1744 1595 ob-
1822 1497 1826 1506 ’

466 1671 688 1761 servetur3
721 1671 895 1740 etcum
923 1650 1031 1742 haee
1064 1655 1120 1739 sit
1149 1670 1264 1740 certe
1293 1653 1439 1767 planta
1477 1651 1531 1739 de
1562 1679 1649 1766 que
1680 1651 1745 1737 lo·

465 1794 617 1910 quitur
650 1795 712 1885 Ol.
744 1794 914 1902 Sibde,
945 1794 1048 1909 quie
1077 1795 1132 1880 eb
1165 1785 1239 1879 illa
1264 1821 1377 1910 quae
1409 1792 1455 1880 in
1482 1790 1627 1878 Sicilia
1646 1819 1742 1906 pro·¹

463 1941 582 2024 venit
613 1935 732 2050 (ubi
762 1937 832 2023 vir
853 1937 918 2026 cl.
950 1939 997 2026 S.
1024 1933 1258 2024 bicolorem
1296 1935 1468 2052 collegit
1494 1955 1537 2022 et
1568 1934 1741 2058 depingi

463 2082 660 2189 curavit)
682 2079 802 2168 nullo
824 2077 954 2166 modo
977 2075 1150 2183 differt,
1180 2077 1241 2162 eie
1266 2076 1375 2164 mihi
1405 2076 1580 2196 videtur
1614 2081 1659 2166 S.
1680 2076 1741 2163 hi-

462 2224 646 2312 colotem
678 2241 721 2310 et
755 2221 802 2310 S.
830 2218 1322 2337 edtysantdemifoliam
1348 2218 1541 2310 diversas
1574 2221 1738 2339 species

314 2449 326 2462 .,
463 2395 564 2452 esse.
