4530 5736
820 477 869 503 fl
1588 463 1667 575 257

542 603 719 744 Ἱππὼ,
748 640 954 752 Augusto.
986 614 1068 750 O

562 780 721 874 Oculis
747 799 950 892 erectus,
993 761 1277 895 tetragonus,
1320 803 1516 868 ramosus
1537 810 1550 888 ;
1591 769 1759 866 ramis·

444 924 891 1040 erecto-patentibus,
932 954 1022 1012 non
1051 923 1311 1012 divaricatis.
1360 924 1497 1012 Folia
1526 922 1618 1011 fere
1648 923 1725 1009 de-

442 1065 703 1185 pendentia,
734 1066 973 1154 lanceolata
1000 1065 1072 1152 vel
1101 1064 1630 1175 ovato-lanceolatasbasi
1661 1068 1724 1150 in·
1801 1159 1809 1174 ,

445 1211 708 1322 tegerrima,
752 1239 882 1325 supra
909 1207 1101 1318 lineata,
1142 1209 1296 1296 subtus
1324 1236 1546 1316 nervosa,
1595 1228 1725 1296 acuta

444 1329 734 1462 vel‘ohtuse,
762 1350 952 1438 molliter
976 1351 1295 1466 pubescentia,
1323 1350 1492 1437 intense
1521 1351 1724 1457 virentia,
1812 1401 1818 1410 ·

399 1495 402 1500 ’
443 1499 522 1602 3-4
554 1496 629 1583 lin.
659 1494 776 1602 lata,
811 1491 990 1606 ripol.
1018 1492 1157 1606 longa.
1180 1492 1339 1586 Flores
1359 1493 1496 1611 rosei,
1527 1493 1723 1580 verticil-

429 1616 554 1745 leti,
606 1637 683 1752 8-9
724 1635 770 1722 in
812 1635 1010 1751 quolibet
1049 1631 1298 1739 verticillo,
1346 1651 1722 1746 purpurascentes.

441 1788 663 1874 Bructeae
685 1843 688 1850 ⁴
710 1777 917 1864 foliaceae
937 1839 941 1846 .
965 1775 1048 1860 sub
1070 1773 1318 1878 .verticillis
1366 1776 1623 1888 subjectae,
1674 1807 1724 1863 ec
1819 1879 1829 1898 ,

439 1913 666 2039 praeterea
701 1915 946 2005 bracteolas
974 1915 1160 1998 lineares
1195 1913 1424 1999 subulatae
1461 1917 1612 2031 calyce
1641 1917 1724 2004 du-

390 2087 396 2100 ’
441 2067 516 2183 plo
542 2063 779 2150 breviores.
805 2058 992 2171 Calyces
1010 2054 1266 2168 cylindrici,
1284 2059 1500 2166 tubulosi,
1530 2063 1718 2172 nervosi,

424 2207 666 2320 ,angulati3
695 2204 898 2291 dentibus
923 2199 1258 2314 inaequalibus,
1286 2202 1480 2290 breviter
1507 2205 1720 2315 cristatis,

441 2382 465 2438 a
494 2351 568 2438 lin.
610 2350 776 2461 longis,
814 2347 936 2462 apice
964 2341 1297 2459 approximatis,
1341 2373 1429 2432 non
1457 2347 1720 2462 patentibus.

446 2491 625 2583 Corolia
653 2511 834 2578 externe
861 2489 1135 2603 pubescens,
1179 2488 1285 2573 tubo
1313 2488 1463 2602 calyce
1490 2490 1718 2604 longiore:

438 2634 554 2721 labio
591 2630 812 2748 superiore
841 2628 1074 2733 fornicato,
1112 2625 1364 2717 bidentato:
1394 2629 1623 2742 inferiore·
1645 2635 1722 2720 tri-

436 2773 570 2885 lobo';
618 2775 730 2861 lobis
767 2772 1018 2860 lateralibus
1059 2774 1380 2886 angustioribus
1394 2839 1408 2880 ,
1444 2777 1690 2865 rotundatis
1703 2843 1717 2885 ,

435 2917 721 3024 subdeilexis,
750 2917 929 3027 integris
963 2916 1036 3002 vel
1064 2915 1334 3027 cicnulatis3
1370 2919 1718 3029 medio-latiore,

435 3062 603 3170 integro
650 3060 722 3146 vel
751 3057 1037 3165 denticulato,
1083 3059 1370 3169 emarginato‚
1402 3060 1619 3150 denticulo
1648 3063 1718 3150 in·

436 3205 632 3316 terjecto.
657 3203 816 3291 Oculis
832 3228 1045 3316 superne,
1066 3198 1333 3308 bracteolas,
1357 3230 1406 3286 ac
1427 3203 1597 3316 calyces
1617 3207 1717 3322 pilis

432 3344 560 3464 apice
589 3345 801 3461 glandulis
833 3346 968 3458 nigris
995 3343 1194 3432 rotundis
1230 3346 1451 3432 instructis
1479 3349 1619 3436 obsiti.

550 3491 607 3580 G.
639 3486 935 3603 angustifolia
963 3490 1095 3573 Pers.
1128 3517 1225 3603 syn.
1256 3513 1298 3572 2.
1331 3517 1384 3602 p.
1420 3516 1514 3574 122.
1567 3487 1715 3576 differt

431 3631 584 3720 abhoc
598 3629 761 3739 ,ramis
789 3629 926 3739 magis
955 3608 1224 3731 divaricatis,
1254 3627 1371 3715 foliis
1391 3630 1716 3743 angustioribus

427 3794 472 3860 ct
513 3773 607 3858 basi
648 3772 783 3884 magis
821 3769 1088 3874 attenuatis,
1133 3769 1355 3882 calycibus
1385 3773 1713 3887 campanulatis,

276 3966 280 3974 ·
394 3915 632 4003 ‘dentibus
668 3895 798 4000 valde
831 3908 1134 4024 inaequalibus
1171 3929 1214 3996 et
1252 3913 1513 4022 longioribus
1551 3915 1710 4026 (5-lin.

430 4059 566 4173 logis)
602 4055 947 4170 divergentibus,
982 4053 1308 4166 corollaelabio
1336 4055 1542 4144 inferiore
1576 4061 1713 4173 magis

427 4197 662 4308 orenulato.
683 4199 839 4283 Haec.
860 4195 1008 4319 etiam.
1025 4197 1188 4283 Samnii
1218 4216 1260 4282 ct
1292 4201 1465 4314 Aprutii
1507 4199 1710 4328 indigena

426 4361 518 4446 est,
557 4355 601 4426 at
629 4341 676 4426 in
708 4340 918 4426 montosis
946 4366 1089 4452 aeque
1115 4366 1165 4424 ac
1192 4338 1741 4456 in.demissis‘provenit,-

419 4483 530 4569 dum
562 4483 620 4571 G.
642 4479 1154 4584 ladanum'solummodo
1186 4481 1233 4567 in
1265 4485 1473 4606 montosis
1507 4484 1707 4572 occurrit.
1809 4589 1814 4602 Ι
