4538 5738
998 599 1000 606 ,
1546 492 1629 602 5³9

606 663 742 750 Lam.
772 655 835 746 ill
864 684 967 772 gen.
997 667 1027 740 t.
1060 653 1157 778 671.
1175 651 1226 768 s.
1259 667 1326 758 4,
1359 651 1603 742 mediocris.

603 795 914 886 Santoliuoides
943 796 1111 913 alpina,
1140 794 1358 901 saxatilis,
1387 794 1501 883 foliis
1528 797 1685 908 glaucis

410 961 453 1030 et
485 940 622 1029 veluti
641 941 876 1056 argenteis,
902 937 1080 1028 floribus
1107 940 1246 1032 luteis.
1275 937 1428 1029 Miclr.
1454 969 1551 1054 gen.
1572 939 1637 1026 3¹.
1658 953 1687 1023 t.

412 1115 469 1199 27
481 1148 495 1192 ,
530 1085 656 1170 bona.

527 1223 575 1310 ln
606 1221 828 1312 montibus
862 1199 1040 1338 Aprutii
1055 1223 1100 1306 ia
1121 1222 1348 1334 glareosis,
1377 1223 1592 1309 Morrone
1612 1219 1688 1304 nel

411 1362 586 1454 vallone
619 1364 670 1452 di
702 1363 846 1453 Mala
868 1393 1034 1481 ‚capa,
1077 1364 1134 1450 ad
1173 1363 1401 1452 meridiem
1440 1361 1689 1452 Sulmonem

412 1535 585 1616 versus,
621 1504 700 1594 ubi
732 1507 822 1622 jam
855 1505 1082 1594 invenerat
1114 1505 1383 1596 Michelius.

524 1647 674 1753 lulio,
712 1649 923 1761 Augusta.
955 1657 994 1758 75

524 1789 687 1878 Radix
713 1788 928 1904 perennis,
956 1765 1139 1897 fibrosa,
1160 1787 1389 1900 nigricans.
1418 1787 1580 1877 Carales
1597 1789 1690 1875 basi

412 1931 655 2046 caespitosi,
679 1930 963 2040 suffraticosi,
985 1929 1333 2037 subradicautes,
1354 1929 1663 2016 adscendentes
1675 1961 1693 2038 3·

416 2069 619 2160 cauliculi
640 2101 744 2158 vero
764 2072 956 2160 annotini
990 2074 1147 2180 erecti,
1180 2070 1507 2188 simplicissimi,
1542 2073 1586 2157 in
1614 2101 1691 2187 pe-

416 2213 617 2302 dunculis
649 2215 881 2301 terminati.
914 2215 1052 2302 Folia
1086 2211 1451 2319 sericea-incana,
1486 2233 1584 2300 raro
1622 2213 1690 2300 bi-

411 2355 608 2471 pinnata,
637 2356 782 2470 sepius
813 2358 990 2470 pinnata
1017 2354 1087 2441 vel
1119 2350 1402 2469 pinnatifida;
1436 2353 1603 2442 laciniis
1637 2353 1690 2439 li-

412 2493 633 2600 nearibus,
662 2495 860 2607 integris,
882 2488 1041 2611 planis,
1062 2493 1247 2601 obtusis,
1277 2493 1360 2606 ling
1371 2491 1492 2600 latis,
1517 2493 1591 2581 εὖ
1612 2493 1685 2580 lin.

411 2631 575 2744 longis,
606 2661 808 2750 suprema
828 2631 1062 2750 aliquando
1082 2632 1283 2743 maaria,
1304 2634 1481 2748 integra.
1502 2635 1688 2724 Pedan-

412 2769 506 2860 euli
525 2771 657 2882 nudi,
678 2775 883 2889 elongati,
904 2777 1200 2891 pubescentes.
1221 2773 1380 2866 Florae
1396 2773 1521 2884 lutei,
1539 2803 1687 2862 omnes

414 2914 772 3032 hermaphroditi.
807 2917 954 3034 aalys
983 2915 1380 3032 hemisphaericus3
1408 2915 1565 3006 loliclis
1597 2918 1688 3003 lau·

412 3057 614 3167 caclalis,
647 3059 946 3171 acutiusculis,
981 3059 1266 3148 subcarinatis
1279 3125 1294 3171 ,
1327 3059 1683 3176 pubescentibus,

303 3235 310 3245 ·
409 3201 601 3314 margine
622 3198 821 3301 nbnnibil
839 3200 1048 3290 scariosis.
1068 3202 1253 3292 Semina
1283 3199 1446 3312 glabre!
1468 3205 1685 3321 Recepta

409 3338 503 3428 culi
529 3339 678 3456 paleae
704 3337 892 3428 flosculis
922 3341 1174 3447 breviores,
1217 3342 1425 3430 scariasae
1437 3403 1452 3448 ,
1487 3341 1683 3454 glabrae,

378 3463 623 3572 'concavae
636 3549 651 3593 ,
683 3485 874 3598 integrae
894 3485 965 3572 vel
991 3459 1272 3592 trideritatac,
1301 3502 1590 3574 mucronarae.
1666 3571 1670 3576 .

524 3624 791 3736 Pyrethrum
823 3625 1005 3714 alterum
1034 3627 1200 3735 minus,
1234 3607 1470 3741 caespitcsa
1484 3641 1495 3650 ·
1509 3622 1655 3715 radice
1668 3689 1682 3732 ,

356 3769 363 3780 '
407 3763 684 3854 Anthemidis
718 3765 825 3858 flore
857 3769 1074 3874 italicum,
1106 3773 1241 3860 Barr.
1276 3771 1331 3858 ic.
1366 3769 1681 3875 522,a13in.

414 3905 581 3994 atinde
609 3935 636 3993 a
662 3910 975 3998 recentioribus
1009 3910 1065 3998 ad
1097 3909 1209 3998 banc
1242 3909 1430 4024 speciem
1461 3907 1681 4015 relatum,

410 4053 573 4164 optime
602 4078 628 4136 a
653 4050 715 4137 Cl.
738 4051 990 4139 Bertolom'o
1012 4053 1058 4137 in
1083 4079 1170 4138 am.
1190 4047 1286 4138 ilal.
1296 4081 1349 4168 p.
1371 4048 1463 4156 46,
1484 4045 1540 4136 ad
1562 4079 1684 4137 suam

322 4219 325 4228 ·
407 4189 732 4292 Anthemidem
751 4191 1106 4284 mucmnalatam
1137 4197 1289 4308 (quae.
1318 4191 1450 4280 etiam
1482 4192 1529 4277 in
1554 4194 1684 4278 Mor·

406 4359 509 4418 mne
536 4331 764 4446 provenit)
799 4332 1054 4420 emendatur
1067 4398 1081 4443 ,
1110 4333 1165 4423 ad
1197 4361 1331 4449 quam
1361 4329 1515 4448 procul
1547 4329 1681 4418 dubio

407 4492 595 4587 speetat3
627 4503 728 4561 nam
763 4476 843 4561 atsi
878 4473 1005 4566 floras
1036 4475 1083 4562 in
1110 4478 1234 4566 icona
1266 4475 1474 4568 diseoidei
1487 4540 1501 4583 ,
1535 4492 1681 4561 tamen

406 4615 639 4706 Barrelier
663 4617 756 4708 illas
781 4618 1020 4706 emarcidcs
1037 4649 1083 4706 se
1103 4617 1262 4710 vidisse
1281 4619 1455 4712 fatetur.
1483 4621 1679 4705 Praeter·

1249 4762 1272 4804 st
