4538 5738
1556 489 1641 609 395

409 664 532 782 epidi.
574 665 678 753 Pili
718 693 963 781 papporum
1004 667 1312 772 scabriusculi,
1353 686 1395 751 et
1441 664 1541 751 inde
1583 666 1697 750 inter

411 808 637 896 Hieracia
675 829 718 893 et
750 809 988 926 Apargias
1028 811 1192 924 species
1226 810 1381 896 media.

523 952 575 1036 In
616 950 797 1064 Aprutio
844 982 894 1037 ac
938 955 1112 1038 Samnio
1140 954 1253 1038 inter
1282 955 1400 1040 olera
1441 943 1697 1062 adhibetur,

412 1116 455 1181 et
487 1095 613 1208 vulgo
656 1095 890 1183 Ciccrietta
927 1097 977 1208 di
1014 1112 1256 1214 montagna
1301 1097 1571 1212 appellatur,
1621 1096 1701 1181 sub

266 1299 270 1306 ·
412 1267 498 1352 quc
542 1238 717 1322 nomine
757 1267 882 1354 saepe
927 1271 1026 1325 cum
1073 1240 1356 1356 praecedente
1403 1237 1696 1332 confunditur.

411 1378 582 1464 Ovibus
630 1379 838 1495 pabulum
891 1383 1311 1499 praestantissimum
1357 1381 1531 1468 aestivis
1578 1407 1699 1465 men-

414 1526 531 1612 sibus
572 1528 785 1641 praebet3
828 1526 1011 1643 ideoque
1053 1547 1176 1641 prata
1217 1528 1416 1632 elatiora,
1460 1525 1504 1610 in
1542 1524 1699 1639 quibus

414 1671 687 1785 frequentius
735 1699 822 1758 una
854 1702 972 1758 cum
1015 1674 1282 1784 graminibus
1317 1651 1584 1788 permixtum
1626 1699 1699 1754 oc-

419 1816 585 1920 currit,
619 1817 923 1929 praecaeteris
951 1819 994 1900 in
1024 1817 1165 1932 pretio
1186 1836 1298 1903 sunt.

307 2105 496 2188 Senecio
527 2129 900 2208 cAcAcrAsrnm
931 2101 970 2188 h.
1003 2101 1223 2188 radiatas.
1247 2103 1363 2188 Dec.
1395 2102 1532 2218 (pag.
1555 2101 1701 2210 348.)
1831 2179 1833 2183 ,

532 2389 572 2472 S.
609 2387 722 2473 foliis
756 2388 1005 2478 lanceolatis
1041 2388 1247 2503 utrinque
1289 2389 1521 2475 attenuatis
1546 2406 1695 2502 argute

422 2534 594 2618 serratis
626 2534 966 2623 membranaceis
987 2532 1205 2619 sessilibus
1217 2597 1233 2639 ,
1256 2533 1530 2620 inferioribus
1551 2532 1706 2618 subde-

422 2677 698 2762 currentibus
736 2677 921 2790 glabris,
956 2678 1166 2790 corymbo
1199 2677 1441 2792 composito
1460 2659 1704 2781 terminali,

423 2819 615 2931 squamis
637 2820 845 2934 calycinis
865 2820 1036 2935 patulis.
1060 2825 1174 2910 Dec.
1185 2820 1242 2934 fl.
1264 2820 1335 2936 fr.
1360 2851 1488 2939 supp,
1510 2851 1561 2936 p.
1593 2835 1709 2934 474.

422 2965 521 3077 Spr.
556 2995 590 3046 s.
628 2995 716 3079 vag.
752 2963 793 3050 3.
820 2995 871 3080 p.
907 2967 1010 3054 556.

619 3105 793 3192 Cacalia
829 3108 1085 3194 saracenica.
1116 3107 1226 3192 Lm.
1260 3137 1327 3222 sp.
1352 3103 1421 3220 pl.
1462 3105 1582 3224 1169.

534 3249 590 3334 Ic.
616 3250 752 3361 Virga
784 3279 946 3353 aurea,
987 3249 1078 3334 sive
1117 3243 1314 3356 Solidago
1345 3247 1623 3350 saracenica,
1651 3246 1711 3331 la-

422 3395 583 3502 tifolia,
624 3413 797 3480 serrata.
833 3393 987 3481 Bauli.
1023 3391 1123 3478 laist.
1166 3422 1207 3478 2.
1238 3425 1290 3509 p.
1330 3390 1451 3478 1063.

536 3544 587 3626 In
622 3541 790 3652 sylvis,
833 3558 875 3623 et
914 3539 1163 3626 nemoribus
1204 3535 1420 3625 umbrosis
1450 3536 1626 3650 Aprutii
1660 3564 1708 3621 ac

425 3683 604 3769 Samnii.

537 3825 685 3935 Julio,
716 3825 924 3939 Augusto.
955 3833 993 3933 η

540 3967 744 4055 Habitus
760 3972 804 4057 S.
822 3965 1016 4053 Faclrsii
1025 4031 1038 4070 ,
1062 3963 1210 4054 Gmel.
1227 3999 1244 4070 ;
1268 3962 1484 4077 sedflores
1504 3965 1549 4048 in
1565 3979 1710 4048 nostro

423 4107 608 4216 radiati,
641 4109 843 4197 bracteae
874 4107 1091 4219 elongatae
1120 4107 1504 4194 lineari-setaceae.

927 4395 1131 4459 FlNlS.
