4538 5738
669 477 749 590 372
1437 578 1440 584 ,

693 677 792 732 cum
831 649 895 732 A.
928 657 1060 730 ovata
1087 624 1401 740 confunditur,
1439 639 1503 724 uti
1532 640 1620 750 jam
1646 638 1845 724 arbitrati
1876 657 1975 726 sunt

692 789 755 879 Cl.
780 786 949 876 Sebast.
971 803 1013 870 st
1033 789 1193 872 Maur.
1223 781 1332 891 inst.
1352 809 1459 864 rom.
1478 780 1633 893 prodr.
1643 811 1695 894 p.
1717 781 1801 894 67:
1833 781 1904 866 sed
1927 783 1975 868 in.

692 932 776 1019 hac
806 930 947 1044 spicae
966 926 1165 1013 minores
1187 939 1244 1008 'ac
1273 925 1519 1028 breviores3
1551 921 1722 1038 glumas
1751 923 1973 1034 calycinae

693 1099 862 1182 semper
883 1067 1163 1174 4-aristatae3
1189 1065 1345 1151 aristae
1366 1094 1392 1148 a
1411 1093 1455 1150 se
1476 1062 1664 1150 invicem
1686 1064 1972 1169 divaricante,

690 1241 876 1328 quarum
905 1209 1014 1292 duae
1036 1209 1281 1319 elongatam
1300 1205 1415 1292 ¹lolia
1443 1205 1674 1316 breviora3
1705 1181 1839 1321 culmi
1860 1233 1973 1316 genu

691 1354 995 1440 decumbentes
1015 1348 1086 1433 vel
1106 1347 1442 1434 adscendentes:
1464 1346 1570 1430 dum
1579 1347 1629 1430 'in
1644 1349 1706 1432 A.
1722 1346 1971 1432 trist-tutata

597 1505 601 1514 '
689 1497 831 1610 spicae
852 1494 1084 1605 longiorem
1111 1490 1268 1573 aristae
1288 1486 1544 1592 validiores,
1572 1498 1660 1590 1-15
1677 1488 1776 1602 poll.
1797 1491 1969 1602 longae,

687 1641 779 1726 fere
800 1665 969 1749 semper
990 1653 1098 1738 tres,
1128 1658 1227 1716 raro
1248 1652 1461 1744 quatuor,
1490 1630 1679 1716 invicem
1699 1632 1972 1745 approxima-

691 1795 760 1862 tae
790 1806 875 1860 non
906 1775 1193 1879 divaricatae3
1224 1769 1360 1856 culmi
1391 1769 1523 1855 erecti
1544 1799 1593 1853 ac
1614 1769 1811 1886 altiores,
1842 1769 1971 1884 peda·

606 1917 608 1923 ”
685 1920 751 2004 les
780 1937 823 2001 et
851 1918 990 2020 ultra·,
1022 1933 1065 1999 et
1095 1913 1297 2025 quamvis
1326 1913 1371 1997 in
1400 1897 1557 1997 iisdem
1584 1912 1689 1998 locis
1720 1911 1846 1996 simul
1875 1941 1971 1998 cre-

688 2080 854 2147 scentes
882 2058 1045 2171 passim
1084 2056 1361 2158 invenerim,
1402 2073 1549 2139 tamen
1579 2083 1748 2166 semper
1776 2057 1888 2140 inter
1923 2087 1968 2140 se

689 2202 883 2286 diversas
925 2195 1131 2309 comperi.
1177 2195 1217 2278 A
1252 2195 1450 2307 sequenti
1490 2223 1574 2279 non
1613 2194 1815 2306 distincta
1850 2224 1877 2280 a
1904 2198 1969 2284 Cl.

690 2343 787 2452 Spr.
810 2341 855 2424 in
876 2370 910 2423 s.
931 2368 1022 2450 veg.
1043 2365 1077 2420 ι.
1087 2367 1141 2450 p.
1158 2331 1265 2448 3'27;
1287 2352 1331 2417 at
1352 2331 1520 2443 differt,
1544 2335 1643 2448 quia
1658 2336 1773 2446 spica
1787 2315 1865 2420 vix
1881 2337 1970 2452 pol·
2075 2322 2080 2330 l

689 2480 864 2584 licaris,
895 2477 1049 2562 aristae
1078 2505 1227 2563 omnes
1255 2475 1453 2588 aequales
1474 2475 1624 2583 {dum
1654 2477 1699 2560 in
1730 2475 1802 2562 illa
1823 2477 1966 2590 spicae

688 2623 957 2734 longissimae
983 2617 1321 2729 2-5-pollicares,
1343 2633 1385 2700 et
1406 2616 1560 2702 aristae
1590 2616 1747 2702 florum
1767 2618 1969 2704 binorum

687 2762 979 2848 terminalium
999 2759 1189 2874 reliquis
1229 2758 1360 2871 duple
1388 2755 1599 2868 longiores
1626 2773 1737 2842 sunt.

1706 2987 1724 3052 ἒ

578 3046 813 3130 Assruors
841 3062 1202 3127 ruzenorum.
1233 3040 1347 3126 Lin.

800 3331 851 3414 A.
883 3327 998 3439 spica
1028 3322 1268 3436 cylindrica
1299 3320 1522 3432 elongata,
1551 3320 1772 3436 calycibus
1793 3322 1968 3410 inseris-

690 3470 811 3554 ribus
853 3467 1171 3576 n-Z-aristati's,
1220 3465 1364 3552 aristis
1404 3465 1791 3577 subsppronimatis
1822 3531 1837 3573 ,
1888 3465 1969 3552 flo-

689 3586 908 3694 sculorum
936 3607 1138 3690 binorum
1161 3603 1452 3692 terminalium
1481 3604 1668 3716 reliquas
1686 3602 1822 3719 'duplo
1842 3636 1968 3692 exce·

691 3749 903 3847 dentibus.
921 3748 1029 3832 Lin.
1052 3779 1119 3862 sp.
1140 3749 1210 3863 pl.
1235 3747 1365 3864 1489.
1392 3746 1527 3836 Will.
1549 3777 1614 3861 sp.
1629 3747 1695 3859 pt
1716 3765 1766 3848 4.
1784 3780 1837 3863 p.
1853 3749 1966 3861 943.

690 3893 819 3978 Pers.
862 3920 956 4003 syn.
992 3917 1025 3974 ι.
1056 3921 1108 4005 p.
1144 3918 1233 4005 ¹⁰7·
1277 3893 1411 3976 Lam.
1440 3869 1544 3976 dict.
1574 3918 1668 3975 ene.
1699 3918 1739 3974 n.
1773 3921 1828 4005 p.
1855 3892 1967 3991 345.

687 4037 750 4118 R.
792 4034 838 4118 S.
877 4065 908 4116 s.
948 4062 1038 4145 reg.
1077 4061 1117 4115 2.
1147 4034 1197 4146 p.
1225 4059 1346 4145 772„
1368 4033 1467 4142 Spr.
1504 4063 1538 4116 s.
1574 4061 1665 4143 neg.
1700 4057 1734 4114 s.
1766 4061 1818 4145 p.
1849 4031 1937 4147 327
1953 4097 1967 4138 ,

690 4175 866 4260 excluso
908 4203 1154 4287 synonymo
1196 4177 1261 4260 A.
1300 4172 1586 4258 triartstatae.
1632 4175 1740 4260 Ten.
1768 4173 1824 4286 sl
1859 4203 1967 4291 nep,

666 4346 756 4444 rr·
774 4346 828 4430 r·
864 4319 934 4430 57·
1156 4411 1159 4418 t
1509 4421 1516 4436 .

800 4456 861 4540 Ιο.
897 4457 1028 4540 Host.
1059 4479 1201 4565 gram
1231 4467 1368 4540 auctr.
1399 4482 1439 4539 2.
1482 4467 1511 4538 t.
1542 4453 1584 4542 6.
1612 4453 1789 4544 Schreb.
1821 4487 1966 4572 grum,

692 4609 719 4682 t.
746 4597 814 4684 Χ.
830 4595 878 4708 f.
911 4622 945 4682 ι.
979 4599 1114 4686 Lam.
1148 4595 1210 4684 tlt
1237 4625 1334 4710 gen.
1366 4610 1394 4680 t.
1425 4593 1528 4718 839.
1544 4595 1594 4706 f.
1627 4596 1670 4680 3.
