4538 5738
683 477 767 567 360

714 651 854 766 quoad
875 651 977 738 folia
990 717 1005 758 ,
1027 653 1103 738 sed
1123 653 1233 740 mala
1258 651 1402 768 quoad
1426 681 1630 770 squamas
1657 657 1843 770 calycis,
1869 687 1985 772 quae

712 792 842 880 nimis
870 795 1131 904 negligenter
1158 794 1311 908 pictae.

824 936 874 1019 In
901 934 1106 1022 montosis
1134 938 1313 1049 rupibus
1341 936 1537 1051 Apmtii3
1554 941 1982 1048 'Monte-Cosconia,

716 1078 879 1163 Monte
912 1075 1218 1180 Intermesole,
1252 1076 1457 1191 Majello.

825 1217 962 1323 lulio,
992 1221 1199 1328 Augusto.
1229 1226 1269 1326 ας

828 1356 986 1443 Coralis
1007 1375 1174 1442 erectus
1200 1357 1270 1442 vel
1290 1356 1582 1463 adscendens,
1613 1359 1859 1470 angulatas,
1882 1363 1981 1449 sim-

712 1502 815 1616 plex
843 1497 913 1584 vel
945 1495 1163 1603 ramosus,
1185 1501 1495 1612 corymbosus,
1524 1513 1602 1605 ξ-ιξ
1632 1502 1812 1616 pedalis.
1843 1504 1979 1591 Folia

710 1643 853 1729 omnia
882 1639 1249 1746 cinereo-incana,
1279 1640 1377 1753 plus
1404 1641 1549 1728 minus
1576 1661 1837 1751 tomentosa3
1866 1646 1979 1732 radi-

574 1814 579 1826 ’
707 1781 814 1866 calia
834 1778 1131 1894 primordialia
1151 1780 1388 1866 lanceolata
1425 1782 1612 1896 integra,
1633 1783 1801 1898 reliqua
1821 1784 1977 1898 pinna·

704 1919 1018 2033 tilido-lyrata3
1048 1918 1228 2011 laciniae
1257 1947 1407 2006 omnes
1427 1949 1513 2007 non
1534 1926 1874 2035 angustissimae,
1903 1925 1977 2010 sed

703 2063 863 2148 lineam
905 2079 948 2146 et
987 2059 1100 2146 ultra
1129 2061 1263 2170 latae,
1288 2062 1428 2177 apice
1469 2063 1605 2148 setula
1642 2065 1763 2177 nigra
1799 2083 1976 2152 extante

703 2187 985 2307 terminatae,
1015 2202 1059 2287 in
1080 2202 1193 2287 foliis
1222 2192 1404 2288 caulinis
1425 2203 1700 2290 inferioribus
1720 2209 1846 2318 saepe
1873 2206 1977 2290 inci-

701 2372 794 2449 sae,
827 2366 870 2432 et
896 2363 1000 2432 tunc
1029 2343 1133 2431 lolia
1153 2348 1243 2432 fere
1270 2343 1582 2458 bipinnatifida.
1613 2346 1873 2432 Pedaaouli
1893 2347 1973 2430 sub

698 2481 805 2579 flore
835 2485 1078 2595 incrassati,
1107 2485 1300 2572 fistulosi.
1334 2484 1514 2600 Galycis
1541 2511 1747 2599 squamae
1774 2485 1973 2596 glabrae,

698 2630 874 2715 omnino
912 2629 1060 2742 nigrae
1091 2628 1163 2715 vel
1203 2626 1323 2741 apice
1356 2643 1526 2710 tantum
1558 2608 1972 2735 nigrolmacuatae,

702 2769 813 2856 ciliis
842 2771 949 2856 albis
977 2773 1047 2858 vel
1075 2770 1241 2883 nigris3
1271 2769 1449 2852 intimae
1478 2767 1894 2856 lacernasoariosae.

819 2912 866 2996 0.
899 2911 1090 2996 dissecto
1132 2911 1236 2994 Ten.
1271 2906 1375 2992 huic
1404 2925 1520 2994 certe
1549 2907 1746 3023 pmxima
1775 2913 1830 2997 ob
1858 2912 1976 3024 caly-

567 3139 570 3146 ,
705 3081 804 3163 ces3
834 3051 910 3138 sed
939 3051 1051 3138 foliis
1081 3051 1181 3140 satis
1211 3047 1667 3168 superquedistincta.
1761 3082 1767 3109 ¹

588 3341 866 3426 Cumauam
896 3364 1152 3424 Amazona.
1188 3336 1304 3424 Nob.

816 3619 863 3705 C.
895 3617 1297 3721 viridi—canescens,
1335 3616 1458 3702 caule
1501 3637 1644 3703 erecto
1672 3617 1974 3731 irregulariter

610 3815 613 3822 .
702 3789 892 3867 ramoso,
922 3759 1036 3844 foliis
1064 3758 1322 3843 radicalibns
1344 3756 1779 3872 lyram-pinnatilidis
1807 3761 1972 3846 laciniis

702 3900 1136 4015 oblongolinearibus
1178 3898 1432 4008 subincisis,
1482 3901 1663 3986 cauli-nis
1707 3901 1973 4016 pinnatifidie

699 4043 865 4132 laciniis
900 4042 1175 4150 linearibus,
1219 4041 1432 4155 supremis
1470 4042 1723 4153 subintegu's
1761 4041 1972 4128 lanceola-

698 4189 789 4292 tis,
832 4185 994 4294 calycis
1021 4185 1139 4269 ovati
1167 4183 1358 4297 squamis
1392 4184 1680 4270 exterioribus
1705 4185 1970 4299 appendicu-

699 4327 797 4412 latis
817 4325 971 4412 ciliatis
1001 4324 1209 4438 adpressis
1236 4317 1427 4408 nervosis
1447 4323 1766 4430 concoloribu's,
1799 4325 1971 4410 interio-

697 4470 818 4554 ribus
847 4467 1081 4553 linearibus
1109 4465 1380 4578 subintegris.

803 4612 864 4700 Ic.
895 4621 1099 4697 nostrat.
1130 4607 1197 4696 61.
