4530 5736
1595 505 1670 616 267

463 675 672 780 stellatis,
704 674 917 762 fasciculis
949 677 1142 791 sparsis,
1177 657 1485 789 dissepimento
1513 676 1633 789 apice
1662 708 1731 762 ae-

455 814 572 928 quali
611 816 726 926 stylo
753 815 799 902 in
831 815 978 904 medio
1010 817 1144 931 apicis
1177 818 1361 927 inserto,
1385 819 1622 906 seminibus
1650 823 1728 906 cb-

424 1028 428 1038 .
454 955 844 1070 longo-linearibus.

566 1106 625 1188 lc.
659 1116 809 1190 nostra
837 1116 863 1188 t.
887 1105 1015 1222 ains.
1045 1107 1084 1193 3.

651 1245 1057 1360 Litboreoleucojon
1091 1247 1350 1356 minimum,
1374 1247 1603 1362 supinum,
1626 1251 1731 1336 Val-

455 1385 666 1473 vcnsium.
705 1389 905 1476 Oolnmn.
935 1389 1081 1506 ecplzr.
1116 1397 1224 1505 usp.
1246 1391 1348 1476 282.
1378 1403 1406 1475 t.
1429 1390 1563 1492 284!

529 1615 533 1639 ,
650 1531 888 1642 Leucojum
915 1530 1127 1636 saxatile‚
1169 1530 1445 1645 thymifolio,
1487 1534 1727 1634 hirsutum,

457 1670 958 1786 coerulecpurpureum.
981 1672 1148 1759 Moris.
1170 1673 1271 1760 bist.
1294 1704 1334 1759 n.
1357 1706 1393 1759 s.
1415 1677 1456 1762 3.
1477 1689 1506 1761 t.
1530 1673 1626 1789 8.f.
1654 1679 1731 1762 so!

452 1813 550 1898 icon
571 1841 627 1896 ex
668 1813 894 1902 Columna.

568 1953 618 2037 In
648 1958 854 2042 montosis
880 1957 1062 2068 rupibus
1098 1956 1298 2070 Aprutii'3
1328 1965 1570 2066 Mormne,
1613 1961 1730 2044 Mo-

441 2094 560 2208 jelln
574 2103 597 2200 ’,·
629 2101 681 2182 A
685 2105 844 2205 verso(
877 2097 1078 2183 Column.
1106 2103 1133 2205 ).
1184 2185 1187 2194 ,

569 2237 718 2350 Majo,
746 2239 889 2324 lunio.
924 2247 963 2351 ²l

571 2379 736 2465 Ocules
756 2397 888 2491 quam
906 2383 953 2467 in
971 2379 1257 2492 praecedente
1286 2377 1544 2502 graciliores,
1567 2413 1590 2465 e
1611 2383 1734 2496 rupi-

452 2519 534 2602 bus
561 2517 878 2631 dependentes,
921 2517 1131 2626 flexuosi,
1168 2518 1357 2604 invicem
1392 2526 1523 2607 dense
1552 2525 1740 2633 congesti

452 2689 503 2746 ac
523 2660 740 2769 intricati,
765 2659 1110 2776 2-4·pollicares,
1141 2663 1356 2766 virentes,
1387 2662 1571 2776 fragiles.
1601 2663 1739 2752 Folio
1887 2647 1891 2656 ’

451 2806 754 2917 approximate
780 2804 851 2890 vel
871 2823 1064 2910 remota,
1094 2804 1264 2917 saepius
1290 2806 1483 2916 integra,
1503 2806 1732 2920 aliquando

451 2945 721 3054 lanceolata,
760 2946 872 3032 laete
917 2947 1102 3032 virentia
1140 2946 1214 3031 vel
1241 2944 1297 3032 ad
1326 2975 1544 3034 summum
1572 2951 1741 3035 cinera-

407 3134 411 3147 ·
453 3089 652 3197 scentia,
693 3089 857 3202 plana,
894 3087 1215 3196 obtusiuscula‚
1257 3089 1451 3175 breviter
1497 3089 1736 3203 potiolata,

457 3233 609 3318 subtus
649 3257 787 3316 nervo
813 3228 960 3316 medio
989 3227 1233 3344 prominulo
1246 3291 1261 3334 ,
1299 3257 1371 3312 1-a
1399 3228 1474 3313 lin.
1504 3230 1626 3333 lata,
1663 3231 1740 3318 3-6
1868 3313 1872 3322 ,

452 3357 700 3487 lin'longa,
721 3391 894 3479 erecta,
924 3397 1128 3486 suprema
1156 3373 1203 3456 in
1231 3368 1353 3482 apios
1381 3368 1647 3456 ramulorum
1674 3403 1742 3456 ro·

455 3513 595 3600 sulata
608 3580 621 3621 ,
672 3514 843 3619 ciliata,
886 3511 1091 3618 hirsuta,
1138 3509 1237 3625 pilis
1265 3507 1441 3595 stellatis
1472 3508 1740 3623 simplicibus

451 3655 525 3739 vel
552 3655 733 3742 ramosis
764 3685 787 3740 e
820 3652 1043 3740 tuberculo
1072 3649 1411 3765 prodeuntibus:
1441 3653 1518 3764 qui
1546 3650 1740 3737 fasciculi

449 3797 637 3911 pilorum
666 3815 766 3882 sunt
795 3795 964 3908 sparsi,
1006 3822 1093 3881 non
1121 3823 1224 3880 vero
1253 3795 1542 3907 approximati
1571 3793 1742 3881 folium-

451 3969 537 4056 que
565 3939 696 4026 dense
725 3941 972 4049 obtegentes
999 3953 1048 4019 ut
1076 3937 1122 4020 in
1140 3936 1452 4050 praecedente3
1482 3937 1542 4020 ita
1570 3954 1619 4020 ut
1639 3935 1740 4022 folia

448 4085 564 4172 lente
592 4084 685 4170 visa
720 4084 922 4198 articulos
956 4079 1084 4166 Uncti
1118 4079 1343 4194 Opuntiae
1368 4079 1608 4166 imitentur.
1653 4083 1743 4167 Pa-

312 4276 313 4285 *
448 4222 637 4314 clanculi
664 4221 935 4327 terminales,
963 4221 1146 4324 ramosi,
1177 4220 1378 4333 pollicem
1405 4221 1476 4308 vel
1504 4220 1748 4334 sesquipol⁴

447 4366 575 4454 licem
617 4364 733 4478 longi
758 4370 776 4476 (
801 4364 906 4450 binc
934 4363 1061 4451 flores
1085 4366 1178 4452 fe're
1208 4365 1418 4452 racemosi
1450 4369 1479 4474 ).
1517 4357 1743 4450 Pedicelli

381 4515 386 4526 '
444 4509 605 4597 ¹alterni
616 4579 630 4620 ‚
651 4505 805 4614 neoti,
827 4509 908 4594 sub
926 4509 1094 4595 antbesi
1114 4511 1263 4625 calyce
1289 4508 1535 4612 breviores,
1566 4504 1743 4591 demum

285 4731 287 4736 .
367 4639 395 4734 s
451 4653 659 4767 elongati
678 4673 722 4740 et
750 4653 880 4770 duplo
906 4653 997 4740 fere
1024 4655 1266 4768 longiores,
1297 4652 1511 4740 siliculam
1538 4679 1644 4738 vero
1673 4675 1739 4730 ae-

771 4787 776 4798 ’
1318 4793 1341 4835 *
