4540 5736
1583 457 1638 546 65

413 638 623 738 argentea
651 623 869 738 calycibus
899 626 1058 714 corolla
1079 627 1211 740 duplo
1232 626 1528 728 brevioribus,
1559 626 1694 712 corol-

410 765 511 852 lulie
539 767 807 854 radiantibus
823 767 1049 853 crenatis:
1080 773 1171 856 aS.
1185 745 1379 854 eburnea
1409 784 1583 882 praeter
1612 767 1691 852 hos
1800 766 1809 777 “

412 891 711 1019 characteres,
740 913 947 1027 stigmate
976 912 1128 1000 lineari
1158 918 1238 998 riec
1268 912 1463 1016 clavato,
1494 911 1693 1000 antheras

409 1054 565 1146 albidis
593 1085 679 1144 non
708 1055 883 1145 croceis.
1399 1029 1402 1038 ‚

297 1283 509 1374 Scesamsa
537 1311 838 1374 AnoaurrA.
870 1281 978 1372 Lin.

521 1459 562 1568 S.
584 1480 698 1568 foliis
718 1478 979 1566 radicalibus
999 1478 1270 1593 caulinisque
1290 1477 1570 1564 inferioribus
1599 1479 1692 1592 pin·

409 1621 598 1710 natilidis
626 1623 794 1710 laciniis
825 1622 1060 1710 linearibus
1090 1622 1263 1728 acutis,
1307 1623 1488 1708 summis
1515 1621 1690 1707 lineari-

408 1767 492 1856 bus
522 1769 752 1875 indivisis,
792 1768 1049 1883 pedunculis
1085 1766 1341 1879 longissimis
1380 1766 1589 1878 cauleque
1619 1796 1691 1850 su-

409 1934 542 2022 perne
572 1907 898 2017 glabriusculis,
929 1907 1148 1994 corollulis
1186 1903 1479 2020 quinquefidis
1515 1904 1689 1992 radian-

409 2052 525 2139 tibus
568 2052 854 2163 integerrimis
884 2058 899 2162 (
931 2051 1001 2137 vel
1031 2049 1220 2134 obsoleta
1266 2048 1496 2157 crenatis)
1536 2051 1688 2164 calyce

407 2195 661 2308 aequalibus
690 2195 795 2305 (vel
812 2195 1097 2280 brevioribus
1126 2197 1154 2301 ).
1185 2193 1294 2279 Lin.
1318 2205 1422 2308 cyst.
1453 2223 1545 2308 vag.
1585 2199 1689 2297 1454

293 2335 294 2340 ‘
412 2335 1686 2450 Wiltaapt.1.p.555.Pers.syn.careamus.

407 2501 498 2586 vag.
516 2473 558 2558 3.
569 2505 623 2589 p.
641 2501 727 2589 79,
749 2476 925 2560 excluso
947 2500 1191 2584 synonymo
1213 2471 1350 2586 Dess.
1374 2473 1516 2560 coroll.
1538 2477 1689 2560 Τοιιν.9

408 2613 547 2700 Siata.
556 2615 611 2726 fl.
631 2646 700 2728 gu·
717 2643 758 2700 a.
773 2645 822 2730 p.
844 2644 891 2730 9.
926 2616 1033 2699 Ten.
1042 2611 1099 2726 fl.
1121 2641 1225 2729 παρ.
1241 2643 1312 2730 pr.
1327 2645 1375 2730 p.
1402 2641 1465 2698 ts.

520 2754 882 2868 Asterocepbalus
911 2770 1149 2866 argenteus.
1173 2756 1272 2869 libr.
1296 2785 1329 2842 ε.
1353 2783 1445 2867 aeg.
1473 2781 1504 2839 t.
1515 2784 1568 2868 p.
1585 2752 1686 2841 382.

409 2892 597 2981 exclusis
627 2896 896 3007 synonymis.

518 3041 579 3126 Ic.
610 3038 750 3126 Sibtlz.
781 3037 809 3124 l.
831 3070 868 3126 c.
892 3051 920 3122 t.
949 3037 1042 3122 108.

516 3181 567 3266 In
590 3181 780 3264 arenosis
808 3179 1040 3266 maritimis
1060 3176 1283 3264 Calabriae
1304 3178 1550 3284 orientalis,
1584 3179 1686 3266 Cirb

413 3323 646 3426 Cossano,
676 3321 918 3434 Iapygiae,
956 3323 1168 3405 Taranta.
1211 3365 1214 3374 ·

516 3459 670 3568 Maia,
701 3459 841 3544 lunio.
871 3466 911 3572 25
1185 3459 1192 3466 ’

519 3603 746 3689 Haesitans
775 3601 888 3688 banc
923 3603 1110 3717 speciem
1138 3631 1218 3718 pro
1257 3631 1362 3688 vera
1404 3607 1449 3692 S.
1475 3617 1684 3718 argentea

405 3747 514 3833 Lin.
540 3745 613 3832 hic
637 3775 857 3833 recenseo.
880 3747 1016 3834 Folia
1035 3745 1240 3832 innostra
1261 3729 1429 3832 laciniis
1448 3747 1682 3833 linearibus

407 3888 606 3972 omuibus
626 3887 901 4002 aequalibus,
923 3916 1010 3971 non
1031 3886 1194 3972 extima
1215 3888 1399 3998 majore,
1422 3905 1471 3971 ut
1492 3889 1539 3971 in
1556 3888 1679 3974 icone

401 4026 538 4136 Deos.
557 4027 652 4112 Cor.
681 4029 812 4115 Tour.
834 4039 863 4114 t.
880 4029 951 4144 39.
982 4029 1127 4119 Etiam
1156 4028 1209 4110 ab
1225 4026 1347 4112 icone
1377 4027 1507 4112 citata
1526 4028 1600 4114 Fl.
1610 4043 1694 4141 gu

397 4167 594 4255 nonnihil
615 4171 807 4278 recedit,
829 4191 871 4258 et
891 4171 1034 4287 potins
1050 4173 1096 4257 S.
1113 4169 1569 4279 eburneaesimilisff
1590 4200 1678 4287 qua

318 4376 322 4384 .
397 4325 543 4394 tamen
572 4309 719 4396 differt
747 4313 964 4398 corollulis
1005 4311 1291 4422 integerrimis
1321 4340 1406 4398 non
1436 4309 1674 4398 fimbriatis.

370 4485 374 4494 ·
397 4451 437 4536 A
456 4450 744 4564 praecedente
774 4451 998 4566 calycibus
1018 4452 1201 4538 corollae
1222 4454 1475 4567 aequalibus
1487 4455 1564 4540 'vel
1586 4453 1676 4541 lon·

395 4589 611 4699 gioribus‘,
642 4611 684 4681 et
705 4592 919 4681 corollulis
948 4595 1123 4707 integris
1150 4596 1323 4682 abunde
1352 4594 1538 4682 diversa.

1295 4759 1318 4834 9
