4530 5736
1611 484 1691 578 249

578 639 744 753 Aprili,
775 641 907 754 Majo.
938 649 989 750 Θ

582 781 686 866 Icon
715 783 776 870 L.
804 781 1044 898 tnpdyllae
1082 783 1191 868 Cae.
1221 779 1275 864 ie.
1294 835 1295 838 κ
1312 807 1351 864 9.
1381 791 1410 864 t.
1451 806 1529 894 ¹79
1573 777 1747 862 omnino

304 911 310 920 ’
468 923 525 1009 ‘ab
554 920 636 1007 hec
679 925 822 1037 specie
851 926 1054 1031 recedit,
1091 923 1236 1028 caule,
1285 919 1397 1007 foliis
1419 920 1749 1034 -oelyoibusque

469 1064 638 1180 pilosis,
661 1065 919 1151 corollarum
950 1065 1104 1151 calcari
1132 1063 1357 1174 longiore,
1388 1078 1431 1144 et
1460 1064 1594 1175 magis
1615 1079 1747 1148 recto.

469 1205 715 1318 Descriptio
744 1208 803 1292 L.
824 1182 1068 1322 tnpdssloe
1095 1199 1234 1292 Lam.
1255 1202 1358 1287 diet.
1388 1231 1482 1288 ene.
1504 1219 1552 1304 4.
1572 1227 1632 1318 p.
1661 1203 1748 1290 350

462 1346 527 1431 ‘ad
554 1347 614 1432 L.
636 1345 901 1459 neglectam,
933 1363 975 1456 et
1005 1342 1185 1430 minime
1215 1343 1272 1428 ad
1299 1369 1449 1428 veram
1476 1349 1537 1431 L.
1559 1341 1751 1459 tn'phyl-
1849 1427 1853 1432 ,

465 1489 561 1575 lam
596 1487 771 1575 videtur
808 1487 934 1573 facta.
978 1487 1098 1594 Quid
1140 1486 1193 1571 de
1238 1485 1432 1572 iconibus
1470 1487 1749 1592 Dodonaei,
1809 1483 1819 1505 ’

395 1663 421 1740 ‘.
467 1631 690 1739 Lobelii,
739 1629 1069 1745 Doleolzampii
1108 1629 1386 1742 aliorumque·
1421 1629 1655 1715 dicendum
1696 1630 1751 1714 sit
1915 1737 1919 1750 .

467 1773 682 1860 affirmare
720 1801 807 1860 non
847 1769 1010 1856 e'udeo.¹
1043 1767 1178 1856 Folio
1206 1770 1252 1854 in
1281 1769 1480 1858 omnibus
1511 1769 1752 1884 pinguntur

466 1915 637 2026 glabra,
669 1933 711 2000 et
740 1915 881 1998 calcar
902 1909 1092 1996 corollae
1104 1908 1307 2022 aequale3
1337 1910 1498 2024 quibus
1528 1909 1751 1995 characte-
1814 1985 1817 1992 .

406 2089 410 2098 ·
455 2056 588 2144 ribus
605 2057 760 2174 potius
789 2055 845 2142 ad
864 2058 923 2142 L
945 2053 1212 2168 neglectam,
1233 2055 1374 2166 quem
1396 2051 1451 2136 ad
1482 2055 1541 2140 L.
1561 2053 1752 2170 triphyl-

446 2198 560 2286 dam
578 2200 808 2315 pertinent.
840 2191 1109 2290 Varietesb.
1138 2192 1317 2278 floribus
1346 2191 1523 2282 omnino
1543 2195 1752 2282 coeruleis

271 2373 289 2409 τ
466 2343 523 2428 ad
550 2362 739 2429 nostram
767 2340 955 2456 speciem
984 2352 1147 2452 spectet
1182 2336 1237 2420 ob
1266 2333 1466 2421 foliorum
1505 2355 1550 2422 et
1580 2337 1756 2422 corolla·

373 2559 376 2564 .
413 2485 435 2561 ¹.
468 2513 565 2570 rum
589 2505 722 2568 notas.
744 2481 995 2570 Tandem
963 2510 998 2563 ει
1029 2484 1085 2566 L.
1103 2475 1322 2593 'trisrdylle
1351 2477 1515 2562 semida
1536 2479 1755 2565 disooidea

419 2688 424 2700 .
467 2623 620 2732 habet,
642 2646 700 2712 ἱιιι
730 2625 940 2742 εκιῦἱηὲ
969 2653 1035 2710 en.
1054 2621 1132 2708 olt.
1155 2623 1220 2714 H.
1243 2623 1347 2708 Ber.
1370 2623 1411 2705 9.
1430 2649 1482 2734 p.
1510 2623 1617 2738 137,
1649 2641 1753 2707 tuno
1781 2716 1785 2728 ¹

454 2773 529 2857 L·
550 2767 747 2882 neglecta
764 2784 891 2852 *certo
912 2763 1072 2850 certius
1094 2792 1118 2845 e
1138 2765 1198 2849 L.
1212 2757 1426 2877 tnphylla
1448 2759 1621 2870 differt,
1653 2791 1755 2848 nem

468 2916 513 2999 in
534 2916 593 3000 L.
608 2907 807 3024 neglecta
836 2885 999 2995 semine
1028 2904 1330 3020 subtriquere,
1352 2909 1551 3018 angulata
1580 2926 1635 3007 etv
1649 2906 1756 2992 reti-

470 3055 845 3143 culato-excavata
874 3068 986 3138 eunt.
1030 3049 1211 3138 Interim
1239 3048 1302 3133 Cl.
1326 3053 1425 3165 Spr.
1460 3051 1507 3136 in
1528 3082 1561 3134 s.
1579 3075 1675 3164 eegr.
1706 3077 1747 3138 9.
1858 3127 1862 3140 .

373 3211 383 3240 ’
462 3229 511 3314 p.
522 3224 605 3313 79¹
638 3194 716 3281 hes
745 3193 851 3278 duas
880 3193 1043 3305 species
1072 3189 1214 3275 denuo
1243 3188 1289 3272 in
1317 3191 1448 3274 imam
1477 3190 1713 3304 conjungit.
1748 3293 1749 3298 Ν

363 3492 563 3576 mem
592 3509 847 3570 omem.
879 3484 1007 3568 Pers.

585 3769 636 3854 L.
667 3769 786 3855 caule
817 3785 983 3874 erecto,
1013 3762 1127 3852 foliis
1156 3762 1498 3867 sublinearibus,
1539 3761 1756 3851 inferiori-

472 3913 564 3998 bus
590 3913 840 4026 quaternis,
891 3907 1112 4030 calycihus
1148 3905 1487 4018 piloso-viscosis
1506 3963 1538 4009 ,·
1571 3903 1752 3991 floribus

474 4053 738 4160 racemosis,
789 4051 969 4138 celoarei
997 4068 1130 4138 recto.
1181 4051 1310 4136 Pers.
1342 4069 1438 4160 syn.
1477 4077 1517 4133 9.
1558 4075 1608 4162 p.
1653 4045 1751 4134 156.
1896 4115 1901 4118 .

476 4199 575 4313 Spr.
607 4228 640 4281 s.
670 4226 762 4312 veg.
794 4223 835 4279 9.
855 4223 907 4308 p.
934 4193 1039 4308 795.

587 4335 891 4424 Antirrhinum
921 4334 1119 4448 simplex.
1156 4331 1292 4438 Well.
1322 4361 1405 4447 sp
1408 4330 1477 4446 pl.
1450 4253 1550 4417 [3.
1573 4360 1621 4446 p.
1646 4328 1755 4430 943.

476 4482 604 4572 Poe‘r.
643 4481 747 4568 dict.
785 4507 877 4566 ene.
916 4507 1042 4594 supp.
1071 4494 1123 4677 4.
1156 4504 1205 4593 p.
1237 4494 1321 4577 94.
1353 4472 1461 4561 Ten.
1490 4472 1548 4585 fl.
1578 4503 1683 4590 nep.
1716 4502 1758 4558 9.

416 4639 520 4742 ἐμ
550 4623 620 4712 do.
731 4653 734 4661 ·
901 4688 905 4696 .
942 4658 973 4697 .-
986 4684 990 4723 s

1281 4759 1327 4836 59
