4516 5736
622 523 700 604 108
729 563 733 572 ⁴

671 663 1087 800 longa‚1-lin.lat'a‚
1110 687 1189 773 sub
1219 686 1334 772 lente
1363 687 1535 801 punctis
1563 689 1706 774 aureis
1725 685 1955 801 pellucidis

675 829 859 943 pulchre
899 848 1057 916 notata.
1102 831 1307 944 Slipuloe
1351 829 1562 916 scariosae
1578 898 1591 939 ‚
1635 832 1954 936 brevissimae,

677 991 866 1079 acutae,
897 971 1336 1077 ovato-lanceolatae,
1368 971 1558 1083 integrae
1586 973 1656 1058 vel
1684 972 1954 1086 bipartitae,

677 1117 844 1200 breves.
888 1112 1046 1201 Flores
1074 1113 1333 1223 glomerati,
1364 1112 1602 1222 axillares,
1634 1113 1732 1223 5-6,
1763 1114 1955 1200 breviter

678 1257 971 1372 perlunculati.
1022 1255 1167 1367 Calyx
1195 1255 1288 1340 basi
1316 1258 1579 1368 pubescens,
1611 1260 1857 1369 angulatus‚
1892 1257 1954 1343 fo-

677 1401 787 1487 liolis
827 1398 1060 1484 linearibus
1081 1397 1201 1508 apice
1236 1399 1479 1483 incrassatis
1512 1406 1633 1509 (non
1663 1399 1883 1484 fornicatis
1903 1404 1952 1510 ),

675 1546 720 1626 in
742 1559 878 1628 satam
907 1544 1078 1654 longam
1106 1539 1349 1653 productis,
1380 1569 1466 1625 non
1496 1571 1600 1629 vero
1630 1545 1707 1628 sub
1727 1543 1849 1654 apice
1871 1547 1955 1642 ari-

679 1686 811 1772 statis.
843 1685 1109 1772 Braoteoloe
1137 1684 1417 1771 brevissimae
1453 1685 1534 1772 sub
1557 1688 1711 1800 quovis
1741 1683 1858 1772 flore.
1890 1691 1956 1773 De

678 1819 888 1942 genericis
916 1825 1238 1913 characteribus
1280 1826 1412 1940 hujus
1442 1829 1598 1940 speciei
1638 1827 1785 1916 confer
1816 1829 1955 1916 Sibtlr.

666 1970 917 2083 flffibss

570 2263 753 2350 Momm
783 2285 1195 2344 AnsJNAnromA.
1228 2261 1327 2369 Spr.

793 2547 854 2630 M.
886 2540 1080 2628 caulibus
1108 2539 1494 2652 procumbentibus
1523 2539 1806 2651 geniculatis,
1845 2538 1961 2624 foliis

466 2719 487 2742 ··
629 2655 632 2662 ⁴
684 2681 890 2798 oppositis
918 2680 1057 2765 oratis
1088 2679 1384 2785 subcarnosis,
1425 2676 1604 2765 floribus
1640 2679 1849 2792 congestis
1877 2698 1961 2764 ter·
2012 2714 2014 2721 ·

687 2821 932 2908 minalibus.
965 2825 1065 2933 Spr.
1086 2852 1120 2902 s.
1146 2849 1235 2932 aeg.
1262 2847 1296 2901 r.
1307 2849 1360 2932 p.
1379 2822 1484 2935 795.
1601 2810 1616 2829 '

798 2963 945 3074 Hegea
974 2961 1246 3046 alsiueclolia.
1277 2961 1383 3048 Bia.
1414 2960 1478 3074 pl.
1499 2990 1588 3045 rar.
1610 2961 1686 3047 sic.
1716 2990 1834 3046 marr.
1857 2963 1896 3046 3.
1909 2990 1960 3074 p.
2003 2963 2013 2976 ”

683 3139 727 3221 7.
766 3105 936 3215 Tercfl.
963 3133 1067 3217 nup.
1083 3133 1156 3216 pr.
1179 3133 1305 3218 szqrp.
1327 3101 1368 3186 3.
1380 3133 1430 3216 p.
1453 3102 1551 3218 379.
1741 3079 1744 3088 l

798 3247 978 3360 Lahaya
1009 3247 1282 3334 alsinaefolia.
1312 3250 1375 3333 R.
1407 3249 1451 3332 S.
1473 3279 1507 3332 s.
1524 3277 1615 3360 reg.
1632 3249 1673 3332 6.
1694 3277 1743 3362 p.
1768 3253 1874 3348 405.

796 3389 854 3474 lc.
875 3390 1023 3479 Alsiue
1058 3390 1166 3476 facie
1186 3387 1481 3503 paronichyae
1502 3389 1714 3476 secundae
1730 3390 1960 3476 Matthioli.

689 3535 826 3620 Boco.
846 3534 924 3619 sic.
947 3548 975 3619 t.
999 3535 1070 3620 38.

799 3676 850 3760 In
879 3674 1068 3760 arenosis
1108 3672 1339 3759 maritimis
1378 3673 1599 3760 Calabriae
1633 3675 1876 3776 orientalis,
1909 3673 1965 3757 da

690 3817 865 3929 Reggio
878 3880 890 3920 ,
913 3843 943 3899 a
969 3817 1199 3922 Cassan05
1230 3803 1457 3930 Japygiae,
1487 3795 1711 3916 Taranta,
1733 3815 1963 3930 Gollr'poli.

754 3946 755 3960 ἵ
803 3959 948 4068 Maj0,
980 3958 1121 4044 Juuio.
1154 3967 1203 4065 Θ

804 4101 1012 4188 Stamina
1042 4099 1098 4184 5-
1113 4101 1149 4186 5.
1183 4100 1419 4188 Pistillam
1449 4102 1654 4202 unicum,
1685 4083 1966 4213 stigmatibus

693 4241 851 4328 tribus.
