4530 5736
1456 545 1459 553 ·
1541 509 1622 596 515

512 671 574 759 Μ.
605 676 848 780 maritima,
872 653 1056 780 trilolia,
1088 675 1371 790 polycarpos‚
1395 678 1540 762 fructu
1568 697 1684 764 toro-

403 844 473 920 so,
504 845 590 900 non
619 815 801 929 spinoso.
837 817 943 905 Till.
964 831 1049 902 cat.
1080 819 1123 902 Ιι.
1144 819 1245 905 Pis.
1257 851 1308 936 p.
1336 847 1424 905 uo.

511 958 570 1054 Ic.
600 959 736 1044 Rata.
764 956 793 1044 l.
816 988 851 1045 c.
873 969 901 1042 t.
927 985 964 1044 t.
989 957 1095 1046 Tilt.
1115 959 1142 1046 I.
1164 987 1200 1044 o.
1222 971 1251 1043 t.
1275 976 1354 1058 42.
1373 963 1416 1068 f.
1445 945 1487 1046 ⁴2.

511 1096 550 1183 b.
572 1081 804 1201 aculeata,
831 1099 1119 1216 leguminibus
1147 1095 1338 1210 margine
1367 1100 1598 1207 aculeatis,
1635 1131 1682 1184 a·
1808 1182 1811 1188 ,
1935 1086 1938 1092 ¹

279 1297 281 1301 -
311 1295 316 1300 -
402 1234 537 1320 culeis
567 1236 743 1322 setaoeis
771 1241 902 1324 rectis
929 1240 1051 1355 apice
1081 1239 1569 1362 aliquando'uncinatis.

514 1377 574 1462 Ic.
606 1390 755 1462 nostra
782 1379 946 1462 125ss
1070 1409 1072 1420 ·

514 1521 563 1607 In
612 1519 781 1634 pascuis
823 1519 1012 1605 arenosis
1051 1519 1278 1604 maritimis
1320 1549 1398 1633 per
1439 1521 1681 1606 Calabriam

356 1737 359 1745 i
402 1659 659 1746 orientalem·
699 1658 756 1744 ad
798 1659 1017 1762 Dauniam
1056 1663 1209 1746 ambae
1252 1660 1479 1749 varietates
1523 1665 1684 1777 passim

407 1799 679 1914 proveniunt.
727 1795 732 1804 ’

515 1940 680 2056 Aprili,
711 1942 844 2054 Maj0.
877 1949 927 2050 Θ

520 2078 682 2169 Carales
711 2079 884 2189 diffusi,
905 2082 1091 2191 ramosi,
1120 2083 1255 2194 glabri
1285 2084 1354 2170 vel
1374 2085 1678 2199 pubescentes,
1780 2119 1782 2126 ·

401 2226 478 2312 vix
501 2226 656 2334 striati,
680 2225 854 2340 pedales
875 2245 918 2314 et
938 2225 1065 2313 ultra.
1095 2225 1232 2314 Folia
1252 2229 1362 2313 laete
1382 2226 1541 2333 virida,
1562 2256 1687 2339 supra

401 2366 673 2480 glaberrima,
696 2361 847 2453 subtus
865 2366 1066 2482 adpresse
1085 2364 1264 2470 villosa,
1286 2393 1467 2452 nervosa
1483 2397 1495 2474 ;
1503 2364 1684 2479 foliolis

329 2557 334 2564 -
401 2507 593 2592 amedio
632 2506 686 2592 ad
716 2507 887 2620 apicem
916 2506 1211 2612 denticulatis,
1243 2534 1268 2590 a
1297 2505 1441 2590 medio
1470 2504 1526 2592 ad
1545 2505 1683 2591 basim

403 2648 571 2736 ciliatis.
601 2649 772 2737 Petiolt
805 2645 1138 2763 semipollicares
1166 2647 1237 2736 vel
1266 2645 1519 2762 pollicares,
1554 2674 1684 2761 supra

401 2763 695 2895 canaliculaii,
717 2787 875 2903 glabri,
896 2787 1102 2902 juniores,
1131 2792 1198 2876 uti
1213 2789 1470 2905 pedunculi,
1500 2786 1684 2903 patenti·

302 2959 308 2966 ·
397 2932 555 3021 villosi.
595 2931 801 3049 Sapalas
831 2935 1115 3041 semiovatae,
1145 2911 1447 3037 acuminatas,
1478 2930 1678 3032 ciliatae,

399 3075 494 3182 basi
514 3072 893 3162 cibato-dentatae.
924 3073 1182 3162 Pedunculi
1200 3073 1313 3162 foliis
1333 3073 1577 3178 breviores,
1608 3067 1680 3152 vol

399 3215 624 3327 longiores.
661 3216 919 3330 Legumina
946 3216 1152 3330 utrinque
1180 3213 1477 3329 planiusouia,
1517 3211 1682 3323 glaber·

282 3407 286 3415 ·
400 3359 545 3472 rima,
588 3358 780 3471 margine
808 3361 927 3444 tenui
956 3359 1112 3446 inermi
1141 3358 1187 3443 in
1215 3386 1279 3464 a.,
1310 3343 1503 3442 aculeato
1532 3345 1577 3436 in
1607 3353 1679 3453 b.,

279 3543 284 3551 ·
401 3527 619 3608 nervosa3
648 3503 800 3587 nervis
821 3502 1058 3612 marginem
1085 3527 1235 3587 versus
1256 3493 1681 3583 anastomosantibus.

402 3643 586 3731 Semina
631 3672 689 3730 ex
730 3643 1049 3732 flavo-virentia
1081 3706 1100 3749 ,
1144 3660 1296 3729 exacte
1342 3635 1594 3726 renilormia
1632 3635 1677 3718 iu

405 3785 613 3900 utrisque.

516 3929 717 4016 Varietas
734 3929 796 4034 6.,
820 3925 855 4014 si
871 3955 1063 4013 seorsum
1078 3913 1310 4040 spectatur,
1327 3921 1490 4034 species
1505 3917 1681 4002 videtur

400 4071 600 4185 propria,
632 4069 708 4154 sed
728 4067 773 4153 in
793 4071 887 4156 loco
907 4039 1038 4153 natali
1057 4064 1218 4181 passim
1238 4059 1562 4175 conspiciuntur
1581 4086 1685 4141 non·

401 4211 520 4298 nulla
548 4207 794 4314 individua,
824 4208 870 4292 in
897 4207 1055 4321 quibus
1082 4207 1298 4318 legumina
1327 4200 1485 4286 sensim
1515 4199 1569 4282 ab
1600 4223 1684 4278 una

400 4353 458 4440 ad
478 4355 656 4439 alteram
684 4369 933 4459 transcunt3
962 4348 1148 4462 ideoque
1177 4346 1270 4431 illas
1290 4344 1509 4456 sejungere
1538 4337 1682 4423 malui.

402 4495 631 4578 Praeterea
670 4512 918 4604 synonyma
957 4489 1153 4604 superius
1194 4486 1405 4572 recensita
1447 4482 1592 4568 omnia
1629 4477 1684 4562 ad

404 4631 518 4720 hanc
547 4633 734 4746 speciem
762 4632 981 4747 pertinere
1009 4629 1119 4716 mihi
1148 4627 1290 4714 visum
1319 4644 1399 4734 est,
1429 4621 1707 4724 dissentien-¹

1257 4757 1280 4815 ἦ
1723 4758 1731 4766 .
