4530 5736
479 569 483 576 .
602 466 681 556 258

653 644 730 729 vix
771 641 930 729 lineam
971 645 1120 754 longis.
1173 643 1353 762 Calycis
1396 644 1577 736 laciniae
1614 646 1943 759 subrctundae,

652 813 893 894 concavae,
916 788 1108 901 margine
1139 789 1469 878 membranaceo
1490 757 1645 876 blbido
1666 791 1934 890 subscariosc
2069 767 2070 770 Ν

653 933 854 1038 cinctae,
885 925 1195 1045 glabcrrimae‚
1224 930 1411 1046 capsulis
1439 929 1573 1043 duplo
1591 933 1826 1023 breviores.
1854 938 1934 1021 Go-

657 1072 769 1159 rolla
796 1071 953 1186 pallide
973 1043 1124 1182 rcsba,
1145 1073 1292 1186 calyce
1319 1071 1449 1192 duplo
1469 1071 1636 1186 longior
1657 1073 1939 1187 subglobosa,

612 1201 625 1218 ⁵
653 1231 703 1298 ut
724 1215 769 1298 in
790 1214 1100 1326 congeneribus
1120 1216 1390 1331 resupinata,
1413 1215 1615 1304 concolor
1630 1244 1643 1322 3
1657 1213 1824 1302 ,lacinia
1843 1248 1937 1304 me-
1982 1323 1988 1339 Ι

660 1356 730 1444 dia
749 1355 854 1444 labii
882 1356 1102 1446 inferioris
1132 1354 1393 1470 (superioris
1423 1386 1480 1442 ex
1510 1357 1596 1442 situ
1617 1360 1631 1464 )
1652 1356 1937 1462 brevissima,

651 1501 916 1604 virescenti,
947 1500 1154 1610 oblonga,
1184 1495 1382 1604 reflexa,
1412 1496 1457 1585 in
1485 1497 1631 1586 medio
1659 1499 1928 1613 appendicu-

655 1643 743 1728 lata
772 1670 822 1726 eo
851 1639 979 1747 loco,
1024 1640 1099 1754 qui
1142 1640 1280 1732 fauce,
1305 1639 1539 1743 imminet3
1580 1637 1741 1727 lamina
1783 1641 1913 1726 subro

655 1782 992 1870 tundo-cordata
1006 1848 1018 1888 ‚
1051 1782 1213 1886 sessili,
1251 1780 1321 1864 vel
1349 1778 1606 1866 brevissime
1642 1779 1932 1893 pedicellata,
1989 1793 2005 1808 ⁶

651 1924 993 2038 pallide-virenti
1004 1987 1017 2028 ,
1038 1922 1199 2008 lineam
1219 1923 1306 2006 lata
1325 1947 1376 2004 ac
1396 1919 1546 2032 leuga:
1577 1921 1692 2011 labio
1712 1926 1933 2038 superiore

653 2066 901 2176 (inferiore
933 2097 988 2152 ex
1026 2067 1156 2176 situ)
1197 2065 1365 2154 laciniis
1413 2065 1696 2186 subrotuudis
1737 2039 1933 2181 integris.

516 2297 520 2304 ,
656 2208 876 2298 Stamina·
905 2210 1188 2316 subexserta,
1241 2238 1328 2298 una
1371 2237 1472 2295 cum
1515 2206 1707 2305 antheris
1756 2209 1929 2322 pallida.

659 2349 857 2463 capsula
886 2372 1163 2460 mucronata,
1194 2351 1369 2462 glabra,
1397 2348 1820 2438 subrctundccvata·
1850 2353 1929 2437 Se-

653 2491 773 2576 mina
795 2492 1127 2606 subterragonm
1148 2511 1563 2608 corrugatc-rugosa.
1749 2583 1753 2592 ,

763 2640 802 2724 Α
846 2641 1125 2748 sequentibus
1173 2640 1349 2726 omnino
1387 2636 1626 2742 distincta,
1668 2633 1852 2740 babitu,
1883 2655 1964 2738 et,

651 2777 853 2868 foliorum
879 2779 1051 2866 laciniis
1076 2779 1323 2889 latioribus3
1339 2779 1430 2866 *sed
1457 2777 1730 2904 potissimum
1764 2805 1928 2890 appen-

607 3019 615 3025 ,
653 2922 762 3008 dicis
804 2923 1064 3010 corollarum
1102 2919 1247 3036 figura.
1297 2925 1550 3040 Syuonyma
1576 2951 1731 3037 pauca
1758 2920 1924 3026 retuli3

651 3089 753 3147 nam
793 3063 910 3178 apud
939 3063 1217 3180 quamplures
1245 3086 1438 3160 auctores
1469 3095 1658 3184 sequeus·
1681 3091 1762 3180 pro
1789 3064 1835 3147 S.
1857 3065 1928 3150 lu-

654 3202 759 3292 cida
787 3203 1004 3322 descripte
1032 3205 1264 3296 invenitur.
1373 3223 1376 3239 '

538 3489 889 3578 S'caorrrumum
917 3519 1235 3580 murmura.
1269 3485 1406 3582 Will.

756 3767 796 3854 S.
827 3764 942 3853 foliis
970 3765 1274 3878 glaberrimis‚·
1302 3764 1578 3870 inferioribus
1614 3761 1929 3878 bipinnatifidis·

646 3906 1100 4025 tripinuatifidisque,
1144 3908 1312 3996 laciniis
1354 3925 1507 4020 argute
1548 3906 1923 4012 inciso-serratis,

646 4050 805 4136 racemi
824 4051 1058 4165 paniculati
1077 4052 1211 4138 ramis
1230 4050 1451 4166 bipartitis
1469 4049 1718 4165 paucilloris
1749 4049 1925 4134 bractea

647 4191 799 4298 lineari
830 4191 1044 4300 suffultis,
1089 4190 1275 4278 corollae
1304 4192 1429 4277 fauce
1458 4190 1808 4306 appendiculam,
1853 4217 1924 4304 ap

645 4330 828 4443 pendicc
858 4331 1163 4419 staminifcrmi
1182 4328 1238 4428 ad
1258 4331 1395 4434 basim
1415 4333 1600 4430 corollae
1620 4333 1807 4437 inserta,
1838 4349 1916 4416 sta·

646 4472 838 4563 minibus
865 4475 990 4588 longe
1020 4455 1217 4572 exsertis.
1263 4471 1399 4570 Will.
1438 4503 1506 4564 erc
1538 4479 1608 4567 H.
1644 4477 1750 4564 Ber.
1800 4504 1841 4562 2.
1870 4507 1925 4590 p.

646 4613 781 4716 646?
808 4616 909 4733 Spr.
939 4649 973 4702 s.
1013 4645 1108 4732 vag.
1145 4647 1186 4702 r.
1210 4647 1262 4732 p.
1286 4615 1390 4731 786.
1508 4635 1511 4644 '
1731 4597 1732 4602 Ν
1856 4593 1872 4603 ..
