<?xml version="1.0" encoding="UTF-8"?>
<!DOCTYPE html PUBLIC "-//W3C//DTD XHTML 1.0 Transitional//EN"
    "http://www.w3.org/TR/xhtml1/DTD/xhtml1-transitional.dtd">
<html xmlns="http://www.w3.org/1999/xhtml" xml:lang="en" lang="en">
 <head>
  <title>
</title>
<meta http-equiv="Content-Type" content="text/html;charset=utf-8" />
  <meta name='ocr-system' content='tesseract 3.04.00' />
  <meta name='ocr-capabilities' content='ocr_page ocr_carea ocr_par ocr_line ocrx_word'/>
</head>
<body>
  <div class='ocr_page' id='page_1' title='image "./plantaerariores01gussgoog_0319.png"; bbox 0 0 4530 5736; ppageno 0'>
   <div class='ocr_carea' id='block_1_1' title="bbox 599 437 745 553">
    <p class='ocr_par' dir='ltr' id='par_1_1' title="bbox 599 437 745 553">
     <span class='ocr_line' id='line_1_1' title="bbox 599 437 745 553; baseline -0.027 0"><span class='ocrx_word' id='word_1_1' title='bbox 599 463 682 553; x_wconf 78' lang='lat' dir='ltr'>sos</span> <span class='ocrx_word' id='word_1_2' title='bbox 740 437 745 468; x_wconf 76' lang='lat'><em>¹</em></span> 
     </span>
    </p>
   </div>
   <div class='ocr_carea' id='block_1_2' title="bbox 625 629 1935 1882">
    <p class='ocr_par' dir='ltr' id='par_1_2' title="bbox 771 629 1007 718">
     <span class='ocr_line' id='line_1_2' title="bbox 771 629 1007 718; baseline -0.017 0"><span class='ocrx_word' id='word_1_3' title='bbox 771 631 830 718; x_wconf 92' lang='lat' dir='ltr'>lc.</span> <span class='ocrx_word' id='word_1_4' title='bbox 864 629 967 716; x_wconf 79' lang='lat' dir='ltr'>null</span> <span class='ocrx_word' id='word_1_5' title='bbox 996 693 1007 714; x_wconf 90' lang='lat'><strong>.</strong></span> 
     </span>
    </p>

    <p class='ocr_par' dir='ltr' id='par_1_3' title="bbox 659 760 1935 1028">
     <span class='ocr_line' id='line_1_3' title="bbox 769 760 1935 888; baseline -0.001 -29"><span class='ocrx_word' id='word_1_6' title='bbox 769 775 818 860; x_wconf 95' lang='lat' dir='ltr'>In</span> <span class='ocrx_word' id='word_1_7' title='bbox 847 771 1019 886; x_wconf 80' lang='lat' dir='ltr'>pascuis</span> <span class='ocrx_word' id='word_1_8' title='bbox 1064 760 1220 883; x_wconf 86' lang='lat' dir='ltr'>alpinis</span> <span class='ocrx_word' id='word_1_9' title='bbox 1250 764 1427 879; x_wconf 85' lang='lat' dir='ltr'>Aprutii</span> <span class='ocrx_word' id='word_1_10' title='bbox 1478 765 1535 850; x_wconf 88' lang='lat' dir='ltr'>ad</span> <span class='ocrx_word' id='word_1_11' title='bbox 1574 770 1696 856; x_wconf 81' lang='lat' dir='ltr'>nives</span> <span class='ocrx_word' id='word_1_12' title='bbox 1737 771 1935 888; x_wconf 90' lang='lat' dir='ltr'>delique-</span> 
     </span>
     <span class='ocr_line' id='line_1_4' title="bbox 659 909 1932 1028; baseline -0.002 -24"><span class='ocrx_word' id='word_1_13' title='bbox 659 937 852 1022; x_wconf 88' lang='lat' dir='ltr'>scentes,</span> <span class='ocrx_word' id='word_1_14' title='bbox 883 914 960 1000; x_wconf 88' lang='lat' dir='ltr'>nbi</span> <span class='ocrx_word' id='word_1_15' title='bbox 988 912 1177 1001; x_wconf 86' lang='lat' dir='ltr'>varietas</span> <span class='ocrx_word' id='word_1_16' title='bbox 1204 909 1312 994; x_wconf 90' lang='lat' dir='ltr'>haec</span> <span class='ocrx_word' id='word_1_17' title='bbox 1331 909 1460 1022; x_wconf 83' lang='lat' dir='ltr'>vulgo</span> <span class='ocrx_word' id='word_1_18' title='bbox 1489 910 1729 1028; x_wconf 88' lang='lat' dir='ltr'>appellatur</span> <span class='ocrx_word' id='word_1_19' title='bbox 1745 917 1932 1005; x_wconf 86' lang='lat' dir='ltr'>Roscio.</span> 
     </span>
    </p>

    <p class='ocr_par' dir='ltr' id='par_1_4' title="bbox 770 1054 1479 1169">
     <span class='ocr_line' id='line_1_5' title="bbox 770 1054 1479 1169; baseline -0.008 -27"><span class='ocrx_word' id='word_1_20' title='bbox 770 1059 998 1167; x_wconf 84' lang='lat' dir='ltr'>Augusto,</span> <span class='ocrx_word' id='word_1_21' title='bbox 1028 1054 1354 1169; x_wconf 66' lang='lat' dir='ltr'>Septembritl</span> <span class='ocrx_word' id='word_1_22' title='bbox 1468 1113 1479 1136; x_wconf 75' lang='grc'><em>,</em></span> 
     </span>
    </p>

    <p class='ocr_par' dir='ltr' id='par_1_5' title="bbox 653 1196 1932 1596">
     <span class='ocr_line' id='line_1_6' title="bbox 771 1196 1928 1315; baseline 0.002 -29"><span class='ocrx_word' id='word_1_23' title='bbox 771 1199 944 1314; x_wconf 79' lang='lat' dir='ltr'><strong>Species</strong></span> <span class='ocrx_word' id='word_1_24' title='bbox 987 1197 1122 1307; x_wconf 86' lang='lat' dir='ltr'>baec,</span> <span class='ocrx_word' id='word_1_25' title='bbox 1165 1224 1278 1314; x_wconf 87' lang='lat' dir='ltr'>quae</span> <span class='ocrx_word' id='word_1_26' title='bbox 1319 1196 1370 1281; x_wconf 91' lang='lat' dir='ltr'>in</span> <span class='ocrx_word' id='word_1_27' title='bbox 1409 1196 1565 1312; x_wconf 84' lang='lat' dir='ltr'>alpinis</span> <span class='ocrx_word' id='word_1_28' title='bbox 1592 1201 1725 1314; x_wconf 88' lang='lat' dir='ltr'>pratis</span> <span class='ocrx_word' id='word_1_29' title='bbox 1754 1203 1928 1315; x_wconf 88' lang='lat' dir='ltr'>Aprutii</span> 
     </span>
     <span class='ocr_line' id='line_1_7' title="bbox 659 1337 1932 1454; baseline -0.002 -24"><span class='ocrx_word' id='word_1_30' title='bbox 659 1346 772 1430; x_wconf 85' lang='lat' dir='ltr'>inter</span> <span class='ocrx_word' id='word_1_31' title='bbox 800 1341 991 1454; x_wconf 83' lang='lat' dir='ltr'>gramina</span> <span class='ocrx_word' id='word_1_32' title='bbox 1021 1338 1108 1426; x_wconf 90' lang='lat' dir='ltr'>late</span> <span class='ocrx_word' id='word_1_33' title='bbox 1142 1337 1354 1454; x_wconf 83' lang='lat' dir='ltr'>longeque</span> <span class='ocrx_word' id='word_1_34' title='bbox 1389 1358 1550 1454; x_wconf 78' lang='lat' dir='ltr'>reptat,</span> <span class='ocrx_word' id='word_1_35' title='bbox 1585 1340 1815 1426; x_wconf 90' lang='lat' dir='ltr'>utilissima</span> <span class='ocrx_word' id='word_1_36' title='bbox 1851 1341 1932 1428; x_wconf 90' lang='lat' dir='ltr'>ha-</span> 
     </span>
     <span class='ocr_line' id='line_1_8' title="bbox 653 1481 1929 1596; baseline -0.002 -23"><span class='ocrx_word' id='word_1_37' title='bbox 653 1491 787 1573; x_wconf 89' lang='lat' dir='ltr'>betur</span> <span class='ocrx_word' id='word_1_38' title='bbox 815 1486 870 1570; x_wconf 90' lang='lat' dir='ltr'>ad</span> <span class='ocrx_word' id='word_1_39' title='bbox 888 1486 1084 1596; x_wconf 89' lang='lat' dir='ltr'>jumenta</span> <span class='ocrx_word' id='word_1_40' title='bbox 1115 1501 1159 1568; x_wconf 85' lang='lat' dir='ltr'>et</span> <span class='ocrx_word' id='word_1_41' title='bbox 1176 1484 1383 1596; x_wconf 84' lang='lat' dir='ltr'>juvencos</span> <span class='ocrx_word' id='word_1_42' title='bbox 1413 1481 1694 1595; x_wconf 77' lang='lat' dir='ltr'>saginand0s3</span> <span class='ocrx_word' id='word_1_43' title='bbox 1724 1488 1929 1573; x_wconf 88' lang='lat' dir='ltr'>tamensi</span> 
     </span>
    </p>

    <p class='ocr_par' dir='ltr' id='par_1_6' title="bbox 625 1617 1929 1882">
     <span class='ocr_line' id='line_1_9' title="bbox 625 1617 1929 1739; baseline 0 -27"><span class='ocrx_word' id='word_1_44' title='bbox 625 1617 756 1714; x_wconf 68' lang='lat' dir='ltr'>vores</span> <span class='ocrx_word' id='word_1_45' title='bbox 786 1626 925 1732; x_wconf 86' lang='lat' dir='ltr'>illam</span> <span class='ocrx_word' id='word_1_46' title='bbox 953 1625 1192 1739; x_wconf 85' lang='lat' dir='ltr'>depascunt</span> <span class='ocrx_word' id='word_1_47' title='bbox 1226 1625 1482 1739; x_wconf 83' lang='lat' dir='ltr'>priusquam</span> <span class='ocrx_word' id='word_1_48' title='bbox 1527 1625 1699 1739; x_wconf 85' lang='lat' dir='ltr'>pluviae</span> <span class='ocrx_word' id='word_1_49' title='bbox 1741 1628 1929 1712; x_wconf 82' lang='lat' dir='ltr'>aestivae</span> 
     </span>
     <span class='ocr_line' id='line_1_10' title="bbox 655 1765 1791 1882; baseline -0.002 -28"><span class='ocrx_word' id='word_1_50' title='bbox 655 1767 992 1882; x_wconf 87' lang='lat' dir='ltr'>superveniant,</span> <span class='ocrx_word' id='word_1_51' title='bbox 1018 1785 1126 1852; x_wconf 85' lang='lat' dir='ltr'>tunc</span> <span class='ocrx_word' id='word_1_52' title='bbox 1155 1765 1282 1854; x_wconf 86' lang='lat' dir='ltr'>valde</span> <span class='ocrx_word' id='word_1_53' title='bbox 1311 1767 1494 1878; x_wconf 31' lang='lat' dir='ltr'>noxiam,</span> <span class='ocrx_word' id='word_1_54' title='bbox 1522 1765 1791 1882; x_wconf 83' lang='lat' dir='ltr'>experimur.</span> 
     </span>
    </p>
   </div>
   <div class='ocr_carea' id='block_1_3' title="bbox 539 2055 1423 2147">
    <p class='ocr_par' dir='ltr' id='par_1_7' title="bbox 539 2055 1423 2147">
     <span class='ocr_line' id='line_1_11' title="bbox 539 2055 1423 2147; baseline -0.001 -3"><span class='ocrx_word' id='word_1_55' title='bbox 539 2061 804 2147; x_wconf 80' lang='lat' dir='ltr'>anromusr</span> <span class='ocrx_word' id='word_1_56' title='bbox 833 2085 1274 2146; x_wconf 63' lang='lat' dir='ltr'>rnrnrnnrANnnr.</span> <span class='ocrx_word' id='word_1_57' title='bbox 1305 2055 1423 2144; x_wconf 83' lang='lat' dir='ltr'>Nob.</span> 
     </span>
    </p>
   </div>
   <div class='ocr_carea' id='block_1_4' title="bbox 520 2315 1999 4744">
    <p class='ocr_par' dir='ltr' id='par_1_8' title="bbox 644 2315 1999 3602">
     <span class='ocr_line' id='line_1_12' title="bbox 760 2315 1926 2468; baseline -0.003 -36"><span class='ocrx_word' id='word_1_58' title='bbox 760 2346 814 2432; x_wconf 91' lang='lat' dir='ltr'>T.</span> <span class='ocrx_word' id='word_1_59' title='bbox 845 2341 1036 2432; x_wconf 87' lang='lat' dir='ltr'>caulibus</span> <span class='ocrx_word' id='word_1_60' title='bbox 1066 2331 1345 2458; x_wconf 85' lang='lat' dir='ltr'>caespitosis,</span> <span class='ocrx_word' id='word_1_61' title='bbox 1395 2315 1618 2468; x_wconf 56' lang='lat' dir='ltr'>bbuliculis</span> <span class='ocrx_word' id='word_1_62' title='bbox 1661 2340 1926 2455; x_wconf 81' lang='lat' dir='ltr'>simplicibus</span> 
     </span>
     <span class='ocr_line' id='line_1_13' title="bbox 648 2478 1929 2598; baseline -0.003 -27"><span class='ocrx_word' id='word_1_63' title='bbox 648 2482 1008 2571; x_wconf 86' lang='lat' dir='ltr'>adscendentibus</span> <span class='ocrx_word' id='word_1_64' title='bbox 1046 2483 1268 2596; x_wconf 79' lang='lat' dir='ltr'>calycibus</span> <span class='ocrx_word' id='word_1_65' title='bbox 1308 2484 1568 2598; x_wconf 84' lang='lat' dir='ltr'>petiolisque</span> <span class='ocrx_word' id='word_1_66' title='bbox 1605 2480 1794 2569; x_wconf 88' lang='lat' dir='ltr'>molliter</span> <span class='ocrx_word' id='word_1_67' title='bbox 1827 2478 1929 2567; x_wconf 90' lang='lat' dir='ltr'>den-</span> 
     </span>
     <span class='ocr_line' id='line_1_14' title="bbox 648 2615 1926 2741; baseline -0.002 -28"><span class='ocrx_word' id='word_1_68' title='bbox 648 2654 782 2741; x_wconf 90' lang='lat' dir='ltr'>seque</span> <span class='ocrx_word' id='word_1_69' title='bbox 809 2626 990 2741; x_wconf 82' lang='lat' dir='ltr'>pilosis,</span> <span class='ocrx_word' id='word_1_70' title='bbox 1018 2625 1175 2716; x_wconf 88' lang='lat' dir='ltr'>foliolis</span> <span class='ocrx_word' id='word_1_71' title='bbox 1204 2626 1400 2714; x_wconf 85' lang='lat' dir='ltr'>ovalibus</span> <span class='ocrx_word' id='word_1_72' title='bbox 1432 2626 1610 2737; x_wconf 88' lang='lat' dir='ltr'>integris</span> <span class='ocrx_word' id='word_1_73' title='bbox 1639 2615 1709 2714; x_wconf 83' lang='lat' dir='ltr'>vel</span> <span class='ocrx_word' id='word_1_74' title='bbox 1739 2627 1926 2714; x_wconf 80' lang='lat' dir='ltr'>obsoleto</span> 
     </span>
     <span class='ocr_line' id='line_1_15' title="bbox 645 2768 1929 2885; baseline -0.001 -28"><span class='ocrx_word' id='word_1_75' title='bbox 645 2769 890 2879; x_wconf 87' lang='lat' dir='ltr'>serrulatis,</span> <span class='ocrx_word' id='word_1_76' title='bbox 920 2769 1089 2885; x_wconf 88' lang='lat' dir='ltr'>stipulis</span> <span class='ocrx_word' id='word_1_77' title='bbox 1119 2768 1365 2857; x_wconf 88' lang='lat' dir='ltr'>lanceolatis</span> <span class='ocrx_word' id='word_1_78' title='bbox 1392 2771 1518 2880; x_wconf 86' lang='lat' dir='ltr'>longe</span> <span class='ocrx_word' id='word_1_79' title='bbox 1545 2770 1830 2877; x_wconf 85' lang='lat' dir='ltr'>acuminatis,</span> <span class='ocrx_word' id='word_1_80' title='bbox 1861 2798 1929 2857; x_wconf 85' lang='lat' dir='ltr'>ca-</span> 
     </span>
     <span class='ocr_line' id='line_1_16' title="bbox 648 2911 1924 3030; baseline 0.003 -33"><span class='ocrx_word' id='word_1_81' title='bbox 648 2915 798 3028; x_wconf 88' lang='lat' dir='ltr'>pitulis</span> <span class='ocrx_word' id='word_1_82' title='bbox 816 2911 998 3025; x_wconf 86' lang='lat' dir='ltr'>globosis</span> <span class='ocrx_word' id='word_1_83' title='bbox 1019 2913 1229 3000; x_wconf 74' lang='lat' dir='ltr'>‘solitariis</span> <span class='ocrx_word' id='word_1_84' title='bbox 1258 2913 1416 3030; x_wconf 88' lang='lat' dir='ltr'>stipula</span> <span class='ocrx_word' id='word_1_85' title='bbox 1443 2913 1692 3002; x_wconf 86' lang='lat' dir='ltr'>bracteante</span> <span class='ocrx_word' id='word_1_86' title='bbox 1720 2914 1924 3023; x_wconf 87' lang='lat' dir='ltr'>suffultis,</span> 
     </span>
     <span class='ocr_line' id='line_1_17' title="bbox 650 3055 1928 3170; baseline 0.001 -26"><span class='ocrx_word' id='word_1_87' title='bbox 650 3055 849 3144; x_wconf 90' lang='lat' dir='ltr'>dentibus</span> <span class='ocrx_word' id='word_1_88' title='bbox 878 3055 1089 3170; x_wconf 86' lang='lat' dir='ltr'>calycinis</span> <span class='ocrx_word' id='word_1_89' title='bbox 1117 3055 1454 3168; x_wconf 88' lang='lat' dir='ltr'>subaequalihus</span> <span class='ocrx_word' id='word_1_90' title='bbox 1473 3056 1928 3147; x_wconf 85' lang='lat' dir='ltr'>lineari-setaceis&#39;co-</span> 
     </span>
     <span class='ocr_line' id='line_1_18' title="bbox 644 3197 1999 3316; baseline 0.001 -30"><span class='ocrx_word' id='word_1_91' title='bbox 644 3199 751 3288; x_wconf 92' lang='lat' dir='ltr'>rolla</span> <span class='ocrx_word' id='word_1_92' title='bbox 772 3198 901 3316; x_wconf 93' lang='lat' dir='ltr'>duplo</span> <span class='ocrx_word' id='word_1_93' title='bbox 922 3197 1209 3302; x_wconf 90' lang='lat' dir='ltr'>brevioribus,</span> <span class='ocrx_word' id='word_1_94' title='bbox 1232 3199 1517 3308; x_wconf 84' lang='lat' dir='ltr'>leguminibus</span> <span class='ocrx_word' id='word_1_95' title='bbox 1547 3201 1788 3312; x_wconf 89' lang='lat' dir='ltr'>1-spermis.</span> <span class='ocrx_word' id='word_1_96' title='bbox 1817 3203 1928 3292; x_wconf 79' lang='lat' dir='ltr'>Sevi</span> <span class='ocrx_word' id='word_1_97' title='bbox 1996 3225 1999 3237; x_wconf 68' lang='lat'>¹</span> 
     </span>
     <span class='ocr_line' id='line_1_19' title="bbox 648 3339 1922 3462; baseline 0.002 -34"><span class='ocrx_word' id='word_1_98' title='bbox 648 3341 730 3430; x_wconf 78' lang='lat' dir='ltr'>bot.</span> <span class='ocrx_word' id='word_1_99' title='bbox 751 3355 827 3430; x_wconf 80' lang='lat' dir='ltr'>etr.</span> <span class='ocrx_word' id='word_1_100' title='bbox 848 3358 897 3443; x_wconf 81' lang='grc'>4.</span> <span class='ocrx_word' id='word_1_101' title='bbox 907 3372 961 3458; x_wconf 82' lang='lat' dir='ltr'>p.</span> <span class='ocrx_word' id='word_1_102' title='bbox 985 3340 1056 3450; x_wconf 68' lang='lat'>16,</span> <span class='ocrx_word' id='word_1_103' title='bbox 1078 3340 1125 3424; x_wconf 95' lang='lat' dir='ltr'>in</span> <span class='ocrx_word' id='word_1_104' title='bbox 1144 3339 1270 3426; x_wconf 87' lang='lat' dir='ltr'>notis.</span> <span class='ocrx_word' id='word_1_105' title='bbox 1298 3341 1415 3427; x_wconf 87' lang='lat' dir='ltr'>Dec.</span> <span class='ocrx_word' id='word_1_106' title='bbox 1429 3369 1500 3454; x_wconf 83' lang='lat' dir='ltr'>pr.</span> <span class='ocrx_word' id='word_1_107' title='bbox 1519 3373 1555 3429; x_wconf 88' lang='lat' dir='ltr'>s.</span> <span class='ocrx_word' id='word_1_108' title='bbox 1576 3355 1668 3430; x_wconf 80' lang='lat' dir='ltr'>nat.</span> <span class='ocrx_word' id='word_1_109' title='bbox 1690 3369 1731 3454; x_wconf 71' lang='lat'>2.</span> <span class='ocrx_word' id='word_1_110' title='bbox 1750 3375 1804 3462; x_wconf 83' lang='lat' dir='ltr'>p.</span> <span class='ocrx_word' id='word_1_111' title='bbox 1826 3373 1922 3433; x_wconf 77' lang='lat'><em>202.</em></span> 
     </span>
     <span class='ocr_line' id='line_1_20' title="bbox 646 3480 1924 3602; baseline 0.003 -32"><span class='ocrx_word' id='word_1_112' title='bbox 646 3489 708 3596; x_wconf 89' lang='lat' dir='ltr'>(a</span> <span class='ocrx_word' id='word_1_113' title='bbox 737 3511 824 3598; x_wconf 89' lang='lat' dir='ltr'>quo</span> <span class='ocrx_word' id='word_1_114' title='bbox 844 3481 959 3568; x_wconf 89' lang='lat' dir='ltr'>male</span> <span class='ocrx_word' id='word_1_115' title='bbox 977 3480 1295 3597; x_wconf 70' lang='lat' dir='ltr'>pretationem</span> <span class='ocrx_word' id='word_1_116' title='bbox 1321 3482 1551 3593; x_wconf 89' lang='lat' dir='ltr'>scribitur,</span> <span class='ocrx_word' id='word_1_117' title='bbox 1575 3501 1619 3572; x_wconf 88' lang='lat' dir='ltr'>et</span> <span class='ocrx_word' id='word_1_118' title='bbox 1647 3498 1821 3576; x_wconf 69' lang='lat' dir='ltr'>conone</span> <span class='ocrx_word' id='word_1_119' title='bbox 1847 3515 1924 3602; x_wconf 88' lang='lat' dir='ltr'>pro</span> 
     </span>
    </p>

    <p class='ocr_par' dir='ltr' id='par_1_9' title="bbox 520 3627 1928 4744">
     <span class='ocr_line' id='line_1_21' title="bbox 528 3627 1104 3737; baseline -0.002 -24"><span class='ocrx_word' id='word_1_120' title='bbox 528 3655 534 3672; x_wconf 84' lang='lat'><strong>·</strong></span> <span class='ocrx_word' id='word_1_121' title='bbox 651 3628 819 3716; x_wconf 84' lang='lat' dir='ltr'>Monte</span> <span class='ocrx_word' id='word_1_122' title='bbox 853 3627 1037 3713; x_wconf 83' lang='lat' dir='ltr'>Costone</span> <span class='ocrx_word' id='word_1_123' title='bbox 1055 3631 1104 3737; x_wconf 89' lang='lat'>).·</span> 
     </span>
     <span class='ocr_line' id='line_1_22' title="bbox 762 3747 1231 3855; baseline 0 -4"><span class='ocrx_word' id='word_1_124' title='bbox 762 3747 821 3852; x_wconf 67' lang='lat' dir='ltr'>lcss</span> <span class='ocrx_word' id='word_1_125' title='bbox 850 3779 1062 3854; x_wconf 82' lang='lat' dir='ltr'>nostrat.</span> <span class='ocrx_word' id='word_1_126' title='bbox 1092 3769 1162 3855; x_wconf 70' lang='lat'>51.</span> <span class='ocrx_word' id='word_1_127' title='bbox 1227 3782 1231 3790; x_wconf 82' lang='grc'><em>’</em></span> 
     </span>
     <span class='ocr_line' id='line_1_23' title="bbox 761 3904 1928 4024; baseline 0.009 -26"><span class='ocrx_word' id='word_1_128' title='bbox 761 3911 814 3998; x_wconf 94' lang='lat' dir='ltr'>In</span> <span class='ocrx_word' id='word_1_129' title='bbox 843 3909 1106 3998; x_wconf 19' lang='lat' dir='ltr'>elatioribus,</span> <span class='ocrx_word' id='word_1_130' title='bbox 1135 3907 1353 3996; x_wconf 92' lang='lat' dir='ltr'>montibus</span> <span class='ocrx_word' id='word_1_131' title='bbox 1392 3909 1568 4024; x_wconf 91' lang='lat' dir='ltr'>Aprutii</span> <span class='ocrx_word' id='word_1_132' title='bbox 1587 3974 1602 4020; x_wconf 94' lang='lat'>,</span> <span class='ocrx_word' id='word_1_133' title='bbox 1623 3904 1626 3911; x_wconf 54' lang='lat'><strong><em>‘</em></strong></span> <span class='ocrx_word' id='word_1_134' title='bbox 1648 3915 1694 3999; x_wconf 92' lang='lat' dir='ltr'>in</span> <span class='ocrx_word' id='word_1_135' title='bbox 1735 3913 1928 4009; x_wconf 86' lang='lat' dir='ltr'>herbosis</span> 
     </span>
     <span class='ocr_line' id='line_1_24' title="bbox 520 4029 1928 4171; baseline 0.006 -29"><span class='ocrx_word' id='word_1_136' title='bbox 520 4113 525 4122; x_wconf 88' lang='lat'>-</span> <span class='ocrx_word' id='word_1_137' title='bbox 581 4035 584 4042; x_wconf 35' lang='lat'><strong><em>⁴</em></strong></span> <span class='ocrx_word' id='word_1_138' title='bbox 651 4079 857 4142; x_wconf 87' lang='lat' dir='ltr'>saxorum</span> <span class='ocrx_word' id='word_1_139' title='bbox 897 4051 1019 4140; x_wconf 89' lang='lat' dir='ltr'>rimis</span> <span class='ocrx_word' id='word_1_140' title='bbox 1060 4029 1196 4140; x_wconf 85' lang='lat' dir='ltr'>humo</span> <span class='ocrx_word' id='word_1_141' title='bbox 1236 4050 1449 4166; x_wconf 83' lang='lat' dir='ltr'>repletis3</span> <span class='ocrx_word' id='word_1_142' title='bbox 1493 4049 1656 4142; x_wconf 71' lang='lat' dir='ltr'>Monte</span> <span class='ocrx_word' id='word_1_143' title='bbox 1702 4057 1928 4171; x_wconf 76' lang='lat' dir='ltr'>Costone,</span> 
     </span>
     <span class='ocr_line' id='line_1_25' title="bbox 534 4177 1928 4311; baseline 0.011 -29"><span class='ocrx_word' id='word_1_144' title='bbox 534 4303 537 4308; x_wconf 83' lang='lat'><em>.</em></span> <span class='ocrx_word' id='word_1_145' title='bbox 651 4197 814 4284; x_wconf 80' lang='lat' dir='ltr'>Monte</span> <span class='ocrx_word' id='word_1_146' title='bbox 840 4177 1005 4306; x_wconf 75' lang='lat' dir='ltr'>como,</span> <span class='ocrx_word' id='word_1_147' title='bbox 1025 4189 1507 4311; x_wconf 77' lang='lat' dir='ltr'>MonteIntermesole,</span> <span class='ocrx_word' id='word_1_148' title='bbox 1526 4203 1744 4293; x_wconf 82' lang='lat' dir='ltr'>Morrone</span> <span class='ocrx_word' id='word_1_149' title='bbox 1764 4233 1795 4293; x_wconf 87' lang='lat' dir='ltr'>a</span> <span class='ocrx_word' id='word_1_150' title='bbox 1820 4203 1928 4296; x_wconf 81' lang='lat' dir='ltr'>lava</span> 
     </span>
     <span class='ocr_line' id='line_1_26' title="bbox 652 4339 807 4428; baseline -0.019 -2"><span class='ocrx_word' id='word_1_151' title='bbox 652 4339 807 4428; x_wconf 77' lang='lat' dir='ltr'>roscia.</span> 
     </span>
     <span class='ocr_line' id='line_1_27' title="bbox 762 4461 1520 4600; baseline -0.013 -24"><span class='ocrx_word' id='word_1_152' title='bbox 762 4482 893 4576; x_wconf 83' lang='lat' dir='ltr'>lunio</span> <span class='ocrx_word' id='word_1_153' title='bbox 912 4545 926 4590; x_wconf 95' lang='lat'>,</span> <span class='ocrx_word' id='word_1_154' title='bbox 943 4461 1165 4596; x_wconf 59' lang='lat' dir='ltr'>&#39;Augusto</span> <span class='ocrx_word' id='word_1_155' title='bbox 1194 4491 1236 4596; x_wconf 56' lang='grc'>2,(</span> <span class='ocrx_word' id='word_1_156' title='bbox 1516 4591 1520 4600; x_wconf 91' lang='lat'>.</span> 
     </span>
     <span class='ocr_line' id='line_1_28' title="bbox 765 4623 1927 4744; baseline 0.006 -29"><span class='ocrx_word' id='word_1_157' title='bbox 765 4623 940 4715; x_wconf 82' lang='lat' dir='ltr'>Planta</span> <span class='ocrx_word' id='word_1_158' title='bbox 959 4625 1089 4716; x_wconf 85' lang='lat' dir='ltr'>dense</span> <span class='ocrx_word' id='word_1_159' title='bbox 1110 4626 1364 4744; x_wconf 77' lang='lat' dir='ltr'>caespitem,</span> <span class='ocrx_word' id='word_1_160' title='bbox 1385 4627 1577 4721; x_wconf 84' lang='lat' dir='ltr'>humilis.</span> <span class='ocrx_word' id='word_1_161' title='bbox 1592 4631 1757 4724; x_wconf 78' lang='lat' dir='ltr'>Radix</span> <span class='ocrx_word' id='word_1_162' title='bbox 1769 4659 1927 4744; x_wconf 84' lang='lat' dir='ltr'>crassa,</span> 
     </span>
    </p>
   </div>
   <div class='ocr_carea' id='block_1_5' title="bbox 0 0 2270 5733">
    <p class='ocr_par' dir='ltr' id='par_1_10' title="bbox 0 0 2270 5733">
     <span class='ocr_line' id='line_1_29' title="bbox 0 0 2270 5733; baseline 0 0"><span class='ocrx_word' id='word_1_163' title='bbox 0 0 2270 5733; x_wconf 95' lang='lat' dir='ltr'> </span> 
     </span>
    </p>
   </div>
  </div>
 </body>
</html>
